<?xml version="1.0" encoding="UTF-8"?>
<collection xmlns="http://www.loc.gov/MARC21/slim"
            xmlns:xsi="http://www.w3.org/2001/XMLSchema-instance"
            xmlns:marc="http://www.loc.gov/MARC21/slim"
            xmlns:oai="http://www.openarchives.org/OAI/2.0/"
            xsi:schemaLocation="http://www.loc.gov/MARC21/slim http://www.loc.gov/standards/marcxml/schema/MARC21slim.xsd">
  
  <record xsi:schemaLocation="http://www.loc.gov/MARC21/slim http://www.loc.gov/standards/marcxml/schema/MARC21slim.xsd">
      <leader>00000cam a2200505Ii 4500</leader>
      <controlfield tag="FMT">BK</controlfield>
      <controlfield tag="LDR">00000cam a2200505Ii 4500</controlfield>
      <controlfield tag="001">004501059</controlfield>
      <controlfield tag="003">OCoLC</controlfield>
      <controlfield tag="005">20161209163305.0</controlfield>
      <controlfield tag="008">160305s2016    gw a     b    100 0 ger d</controlfield>
      <datafield tag="020" ind1=" " ind2=" ">
         <subfield code="a">9783447105996</subfield>
      </datafield>
      <datafield tag="020" ind1=" " ind2=" ">
         <subfield code="a">3447105992</subfield>
      </datafield>
      <datafield tag="035" ind1=" " ind2=" ">
         <subfield code="a">(OCoLC)944085712</subfield>
      </datafield>
      <datafield tag="040" ind1=" " ind2=" ">
         <subfield code="a">BTCTA</subfield>
         <subfield code="b">eng</subfield>
         <subfield code="e">rda</subfield>
         <subfield code="c">BTCTA</subfield>
         <subfield code="d">YDXCP</subfield>
         <subfield code="d">OHX</subfield>
         <subfield code="d">TEF</subfield>
         <subfield code="d">ZYU</subfield>
         <subfield code="d">OCLCF</subfield>
         <subfield code="d">ZYU</subfield>
      </datafield>
      <datafield tag="043" ind1=" " ind2=" ">
         <subfield code="a">aw-----</subfield>
      </datafield>
      <datafield tag="050" ind1=" " ind2="4">
         <subfield code="a">BP55</subfield>
         <subfield code="b">.D46 2016</subfield>
      </datafield>
      <datafield tag="050" ind1=" " ind2="4">
         <subfield code="a">BP131</subfield>
         <subfield code="b">.D46 2016</subfield>
      </datafield>
      <datafield tag="072" ind1=" " ind2="7">
         <subfield code="a">DE</subfield>
         <subfield code="2">lcco</subfield>
      </datafield>
      <datafield tag="072" ind1=" " ind2="7">
         <subfield code="a">BP</subfield>
         <subfield code="2">lcco</subfield>
      </datafield>
      <datafield tag="079" ind1=" " ind2=" ">
         <subfield code="a">(OCoLC)944085712</subfield>
      </datafield>
      <datafield tag="245" ind1="0" ind2="0">
         <subfield code="a">Denkraum Spätantike :</subfield>
         <subfield code="b">Reflexionen von Antiken im Umfeld des Koran /</subfield>
         <subfield code="c">herausgegeben von Nora Schmidt, Nora K. Schmid und Angelika Neuwirth.</subfield>
      </datafield>
      <datafield tag="264" ind1=" " ind2="1">
         <subfield code="a">Wiesbaden :</subfield>
         <subfield code="b">Harrassowitz Verlag :</subfield>
         <subfield code="c">2016.</subfield>
      </datafield>
      <datafield tag="300" ind1=" " ind2=" ">
         <subfield code="a">xi, 563 pages :</subfield>
         <subfield code="b">illustrations ;</subfield>
         <subfield code="c">25 cm</subfield>
      </datafield>
      <datafield tag="336" ind1=" " ind2=" ">
         <subfield code="a">text</subfield>
         <subfield code="b">txt</subfield>
         <subfield code="2">rdacontent</subfield>
      </datafield>
      <datafield tag="337" ind1=" " ind2=" ">
         <subfield code="a">unmediated</subfield>
         <subfield code="b">n</subfield>
         <subfield code="2">rdamedia</subfield>
      </datafield>
      <datafield tag="338" ind1=" " ind2=" ">
         <subfield code="a">volume</subfield>
         <subfield code="b">nc</subfield>
         <subfield code="2">rdacarrier</subfield>
      </datafield>
      <datafield tag="490" ind1="1" ind2=" ">
         <subfield code="a">Episteme in Bewegung : Beiträge zu einer transdisziplinären Wissensgeschichte,</subfield>
         <subfield code="x">2365-5666 ;</subfield>
         <subfield code="v">Band 5</subfield>
      </datafield>
      <datafield tag="500" ind1=" " ind2=" ">
         <subfield code="a">International conference proceedings.</subfield>
      </datafield>
      <datafield tag="504" ind1=" " ind2=" ">
         <subfield code="a">Includes bibliographical references.</subfield>
      </datafield>
      <datafield tag="505" ind1="0" ind2="0">
         <subfield code="t">Spätantike : Von einer Epoche zu einem Denkraum /</subfield>
         <subfield code="r">Nora K. Schmid, Nora Schmidt und Angelika Neuwirth.</subfield>
         <subfield code="g">Teil 1.</subfield>
         <subfield code="t">Soziale Praktiken und epistemische Netzwerke.</subfield>
         <subfield code="t">Im Land des Talmud : Die textuelle Herausbildung eines Diasporavolks /</subfield>
         <subfield code="r">Daniel Boyarin --</subfield>
         <subfield code="t">Liturgisierung und Hypersakralisierung Zum Bedutungsverlust kaiserlicher Frömmigkeit in Konstantinopel zwischen dem 6. und 7. Jahrhundert n. Chr. /</subfield>
         <subfield code="r">Mischa Meier --</subfield>
         <subfield code="t">Athen, Jerusalem, Mekka : der patristische Schmelztigel der abrahamitischen Religionen /</subfield>
         <subfield code="r">Guy Stroumsa --</subfield>
         <subfield code="t">Aḥbār und ruhbān : Religiöse Leitfiguren im Koran in Dialog mit christlicher und rabbinischer Literatur /</subfield>
         <subfield code="r">Holger Zelletin.</subfield>
         <subfield code="g">Teil 2.</subfield>
         <subfield code="t">Diskursive Landschaften und Deutende Gemeinschaften.</subfield>
         <subfield code="t">Wissenstransfer durch Typologie : Relektüren des Abrahamsopfers im Koran und im islamischen Kultus /</subfield>
         <subfield code="r">Angelika Neuwirth --</subfield>
         <subfield code="t">Der zweifache spätantike Kontext altarabischer Sehersprüche /</subfield>
         <subfield code="r">Nora K. Schmid --</subfield>
         <subfield code="t">Konkrete und abstrakte Räume in der spätantiken Allegorese : Exegetische Methodik und die Deutung des Perlengleichnisses (Mt 13,45-46) bei Klemens von Alexandria und Origenes" /</subfield>
         <subfield code="r">Adrian Pirtea --</subfield>
         <subfield code="t">Hermenutiken des Literalsinns : Spätantike Debatten um Allegorie und Allegorese im frühislamischen Korankommentar /</subfield>
         <subfield code="r">Nora Schmidt.</subfield>
      </datafield>
      <datafield tag="505" ind1="8" ind2="0">
         <subfield code="g">Teil 3.</subfield>
         <subfield code="t">Raum und seine irredunzible Materialität.</subfield>
         <subfield code="t">Die Kalender der Araber vor dem Islam /</subfield>
         <subfield code="r">Christian Robin --</subfield>
         <subfield code="t">Die Arabisierung der frühislamischen Verwaltung Syrien-Palästinas und Ägyptens im Spiegel der zweisprachigen griechisch-arabischen Dokumente (550-750) : ein Plädoyer für einen regionalen Ansatz /</subfield>
         <subfield code="r">Andrea Kaplony --</subfield>
         <subfield code="t">Schreine und Banner : Paläomuslime und ihr materielles Erbe /</subfield>
         <subfield code="r">Elizabeth Key Rowden --</subfield>
         <subfield code="t">Spätantikes Bildwissen im Koran : die Relevanz ikonographischer Darstellungen für das Verständnis des Koran /</subfield>
         <subfield code="r">Hannelies Koloska.</subfield>
         <subfield code="g">Teil 4.</subfield>
         <subfield code="t">Reflexionen von Epochengrenzen.</subfield>
         <subfield code="t">Muḥammad und die ǧāhilīya : die vorislamische Zeit im prophetischen ḥadīṯ /</subfield>
         <subfield code="r">Peter Webb --</subfield>
         <subfield code="t">Die Anfänge der arabischen ġazal-Poesie : Abū Ḏu'aib al-Huḏalī /</subfield>
         <subfield code="r">Renate Jacobi --</subfield>
         <subfield code="t">War das erste Jahrtausend eine bedeutsame Periodisierung für die Zeitgenoseen? /</subfield>
         <subfield code="r">Garth Fowden --</subfield>
         <subfield code="t">"Multiple Spätantiken"? Denkräume und Ungleichzeitigkeinten in der Geschichte des Christentums /</subfield>
         <subfield code="r">Peter Gemeinhardt.</subfield>
      </datafield>
      <datafield tag="630" ind1="0" ind2="0">
         <subfield code="a">Qurʼan</subfield>
         <subfield code="x">History</subfield>
         <subfield code="v">Congresses.</subfield>
      </datafield>
      <datafield tag="650" ind1=" " ind2="0">
         <subfield code="a">Qurʼan as literature</subfield>
         <subfield code="v">Congresses.</subfield>
      </datafield>
      <datafield tag="650" ind1=" " ind2="0">
         <subfield code="a">Islam</subfield>
         <subfield code="x">History</subfield>
         <subfield code="v">Congresses.</subfield>
      </datafield>
      <datafield tag="651" ind1=" " ind2="0">
         <subfield code="a">Middle East</subfield>
         <subfield code="x">History</subfield>
         <subfield code="y">To 622</subfield>
         <subfield code="v">Congresses.</subfield>
      </datafield>
      <datafield tag="630" ind1="0" ind2="7">
         <subfield code="a">Qurʼan.</subfield>
         <subfield code="2">fast</subfield>
         <subfield code="0">(OCoLC)fst01842877</subfield>
      </datafield>
      <datafield tag="650" ind1=" " ind2="7">
         <subfield code="a">Islam.</subfield>
         <subfield code="2">fast</subfield>
         <subfield code="0">(OCoLC)fst00979776</subfield>
      </datafield>
      <datafield tag="651" ind1=" " ind2="7">
         <subfield code="a">Middle East.</subfield>
         <subfield code="2">fast</subfield>
         <subfield code="0">(OCoLC)fst01241586</subfield>
      </datafield>
      <datafield tag="648" ind1=" " ind2="7">
         <subfield code="a">To 622.</subfield>
         <subfield code="2">fast</subfield>
      </datafield>
      <datafield tag="655" ind1=" " ind2="7">
         <subfield code="a">History.</subfield>
         <subfield code="2">fast</subfield>
         <subfield code="0">(OCoLC)fst01411628</subfield>
      </datafield>
      <datafield tag="700" ind1="1" ind2=" ">
         <subfield code="a">Schmidt, Nóra,</subfield>
         <subfield code="e">editor,</subfield>
         <subfield code="e">author.</subfield>
      </datafield>
      <datafield tag="700" ind1="1" ind2=" ">
         <subfield code="a">Neuwirth, Angelika,</subfield>
         <subfield code="e">editor,</subfield>
         <subfield code="e">author.</subfield>
      </datafield>
      <datafield tag="700" ind1="1" ind2=" ">
         <subfield code="a">Schmid, Nora K.,</subfield>
         <subfield code="e">editor</subfield>
         <subfield code="e">author.</subfield>
      </datafield>
      <datafield tag="830" ind1=" " ind2="0">
         <subfield code="a">Episteme in Bewegung ;</subfield>
         <subfield code="v">Bd. 5.</subfield>
      </datafield>
      <datafield tag="OWN" ind1=" " ind2=" ">
         <subfield code="a">GENERAL</subfield>
      </datafield>
      <datafield tag="AVA" ind1=" " ind2=" ">
         <subfield code="a">NYU50</subfield>
         <subfield code="b">NISAW</subfield>
         <subfield code="c">Small Collection</subfield>
         <subfield code="d">BP131 .D46 2016 Non-circulating</subfield>
         <subfield code="e">available</subfield>
         <subfield code="t">Available</subfield>
         <subfield code="f">1</subfield>
         <subfield code="g">0</subfield>
         <subfield code="h">N</subfield>
         <subfield code="i">0</subfield>
         <subfield code="j">SMALL</subfield>
         <subfield code="k">0</subfield>
      </datafield>
      <marc:datafield tag="852" ind1=" " ind2=" ">
         <marc:subfield code="b">Institute for the Study of the Ancient World, </marc:subfield>
         <marc:subfield code="c">Small Collection</marc:subfield>
         <marc:subfield code="e">15 East 84th St., </marc:subfield>
         <marc:subfield code="e">New York, NY  10028</marc:subfield>
      </marc:datafield>
   </record>