
  
  
  
  
  
  
  
  
 
  
  <record xsi:schemaLocation="http://www.loc.gov/MARC21/slim http://www.loc.gov/standards/marcxml/schema/MARC21slim.xsd">
      <leader>00000cam a2200481Ii 4500</leader>
      <controlfield tag="FMT">BK</controlfield>
      <controlfield tag="LDR">00000cam a2200481Ii 4500</controlfield>
      <controlfield tag="001">004501027</controlfield>
      <controlfield tag="003">OCoLC</controlfield>
      <controlfield tag="005">20161201102258.0</controlfield>
      <controlfield tag="008">150306s2015    ne abe   b    010 0 eng d</controlfield>
      <datafield tag="020" ind1=" " ind2=" ">
         <subfield code="a">9789062583362</subfield>
      </datafield>
      <datafield tag="020" ind1=" " ind2=" ">
         <subfield code="a">9062583369</subfield>
      </datafield>
      <datafield tag="035" ind1=" " ind2=" ">
         <subfield code="a">(OCoLC)904541682</subfield>
         <subfield code="z">(OCoLC)903676086</subfield>
      </datafield>
      <datafield tag="040" ind1=" " ind2=" ">
         <subfield code="a">ERASA</subfield>
         <subfield code="b">eng</subfield>
         <subfield code="e">rda</subfield>
         <subfield code="c">ERASA</subfield>
         <subfield code="d">OCLCO</subfield>
         <subfield code="d">YDXCP</subfield>
         <subfield code="d">OHX</subfield>
         <subfield code="d">CGU</subfield>
         <subfield code="d">ZCU</subfield>
         <subfield code="d">OCLCO</subfield>
         <subfield code="d">OCLCF</subfield>
         <subfield code="d">OCLCO</subfield>
         <subfield code="d">ZYU</subfield>
         <subfield code="d">OCLCO</subfield>
         <subfield code="d">ZYU</subfield>
         <subfield code="d">OCLCO</subfield>
         <subfield code="d">ZYU</subfield>
      </datafield>
      <datafield tag="043" ind1=" " ind2=" ">
         <subfield code="a">aw-----</subfield>
      </datafield>
      <datafield tag="050" ind1=" " ind2="4">
         <subfield code="a">DS73.4</subfield>
         <subfield code="b">.U54 2015</subfield>
      </datafield>
      <datafield tag="079" ind1=" " ind2=" ">
         <subfield code="a">(OCoLC)904541682</subfield>
      </datafield>
      <datafield tag="082" ind1="0" ind2="4">
         <subfield code="a">932-933</subfield>
      </datafield>
      <datafield tag="245" ind1="0" ind2="0">
         <subfield code="a">Understanding hegemonic practices of the early Assyrian Empire :</subfield>
         <subfield code="b">essays dedicated to Frans Wiggermann : Consolidating empires project I /</subfield>
         <subfield code="c">edited by Bleda S. Düring.</subfield>
      </datafield>
      <datafield tag="264" ind1=" " ind2="1">
         <subfield code="a">Leiden :</subfield>
         <subfield code="b">Nederlands Instituut voor het Nabije Oosten,</subfield>
         <subfield code="c">2015.</subfield>
      </datafield>
      <datafield tag="300" ind1=" " ind2=" ">
         <subfield code="a">314 pages :</subfield>
         <subfield code="b">illustrations, maps, plans ;</subfield>
         <subfield code="c">27 cm.</subfield>
      </datafield>
      <datafield tag="336" ind1=" " ind2=" ">
         <subfield code="a">text</subfield>
         <subfield code="2">rdacontent</subfield>
      </datafield>
      <datafield tag="337" ind1=" " ind2=" ">
         <subfield code="a">unmediated</subfield>
         <subfield code="2">rdamedia</subfield>
      </datafield>
      <datafield tag="338" ind1=" " ind2=" ">
         <subfield code="a">volume</subfield>
         <subfield code="2">rdacarrier</subfield>
      </datafield>
      <datafield tag="490" ind1="1" ind2=" ">
         <subfield code="a">PIHANS. Uitgaven van het Nederlands Instituut voor het Nabije Oosten te Leiden ;</subfield>
         <subfield code="v">CXXV</subfield>
      </datafield>
      <datafield tag="504" ind1=" " ind2=" ">
         <subfield code="a">Includes bibliographical references.</subfield>
      </datafield>
      <datafield tag="505" ind1="0" ind2="0">
         <subfield code="t">Introduction /</subfield>
         <subfield code="r">Bleda Düring.</subfield>
         <subfield code="g">I.</subfield>
         <subfield code="t">Mittanians and Middle Assyrians.</subfield>
         <subfield code="t">Making Mittani Assyrian /</subfield>
         <subfield code="r">Rafal Koliński --</subfield>
         <subfield code="t">The Rise and Consolidation of Assyrian Control on the Northwestern Territories /</subfield>
         <subfield code="r">Anacleto D'Agostino.</subfield>
         <subfield code="g">II.</subfield>
         <subfield code="t">Middle Assyrian Landscapes and Settlements.</subfield>
         <subfield code="t">Middle Assyrian Territorial Practices in the Region of Ashur /</subfield>
         <subfield code="r">Simone Mühl --</subfield>
         <subfield code="t">Core and Periphery in the Assyrian State : The View from Dūr-Katlimmu /</subfield>
         <subfield code="r">Harmut Kühne --</subfield>
         <subfield code="t">Building the Empire : Settlement Patterns in the Middle Assyrian Empire /</subfield>
         <subfield code="r">Aline Tenu.</subfield>
         <subfield code="g">III.</subfield>
         <subfield code="t">The Western Periphery.</subfield>
         <subfield code="t">West of Aššur : The Life and Times of the Middle Assyrian Dunnu at Tell Sabi Abyad /</subfield>
         <subfield code="r">Peter M.M.G. Akkermans and Frans A.M. Wiggerman --</subfield>
         <subfield code="t">The Pots of Assur in the Land of Hanigalbat : The Organization of Pottery Production in the Far WEst of the Middle Assyrian Empire /</subfield>
         <subfield code="r">Kim Duistermaat --</subfield>
         <subfield code="t">The Central Building of the Tell Sabi Abyad Dunnu /</subfield>
         <subfield code="r">Victor Klinkenberg and Tijm Lanjouw --</subfield>
         <subfield code="t">Daily Life in the Wild West of Assyria /</subfield>
         <subfield code="r">Stefan Jakob.</subfield>
         <subfield code="g">IV.</subfield>
         <subfield code="t">Feeding the Empire.</subfield>
         <subfield code="t">Middle Assyrian Herding Practices in the North of the Empire : A View from Dunnu-ša-Uzibi /</subfield>
         <subfield code="r">Rémi Berthon --</subfield>
         <subfield code="t">Middle Assyrian Agrarian Management in the West in the Light of its Forerunners /</subfield>
         <subfield code="r">Hervé Reculeau --</subfield>
         <subfield code="t">Agriculture on the Fringe : Reconsidering the Role of Barley in Middle Assyrian Agriculture /</subfield>
         <subfield code="r">Federica Fantone.</subfield>
         <subfield code="g">V.</subfield>
         <subfield code="t">Middle Assyrian Administrative Practices.</subfield>
         <subfield code="t">Dynastic Marriages in Assyria during the Late Second Millenium BC /</subfield>
         <subfield code="r">Daisuke Shibata --</subfield>
         <subfield code="t">Foreign Kings in the Middle Assyrian Archival Documentation /</subfield>
         <subfield code="r">Jaume Llop-Raduà --</subfield>
         <subfield code="t">Goverment Recording Practices in Assyria and her Neighbours and Contemporaries /</subfield>
         <subfield code="r">J. Nicholas Postgate.</subfield>
         <subfield code="g">VI.</subfield>
         <subfield code="t">Understanding Assyrian Imperialism.</subfield>
         <subfield code="t">Power, Hegemony, and the Use of Force in the Neo-Assyrian Empire /</subfield>
         <subfield code="r">Bradley Parker --</subfield>
         <subfield code="t">The Hegemonic Practices of the Middle Assyrian Empire in Context /</subfield>
         <subfield code="r">Bleda Düring.</subfield>
      </datafield>
      <datafield tag="520" ind1="8" ind2=" ">
         <subfield code="a">Understanding Hegemonic practices of the Early Assyrian empire' is a thematic volume that addresses the issue of how the Middle Assyrian State achieved and maintained its hold over conquered territories. The central question is whether this state had particular hegemonic practices that might explain its remarkable successes. Contributions were written by established and up and coming archaeologists and Assyriologists.0Particular themes addressed in this volume include; first, the relation between the Middle Assyrian state and that of the Mittani: to what degree the Assyria was a successor state and how it transformed its Mittanian heritage; second, what the effects of the Middle Assyrian Empire were on settlement patterns and landscapes in occupied territories; third, what the strategies of the Middle Assyrian Empire were in its westernmost peripheries; fourth, what the agricultural policies of the Middle Assyrian state were; fifth, what the administrative techniques of the Middle Assyrian state were and how they differed from those of other states; and sixth, how we can best understand the success of the (Middle) Assyrian Empire from a comparative perspective.</subfield>
      </datafield>
      <datafield tag="651" ind1=" " ind2="0">
         <subfield code="a">Assyria</subfield>
         <subfield code="x">Politics and government.</subfield>
      </datafield>
      <datafield tag="651" ind1=" " ind2="0">
         <subfield code="a">Assyria</subfield>
         <subfield code="x">History.</subfield>
      </datafield>
      <datafield tag="651" ind1=" " ind2="0">
         <subfield code="a">Assyria</subfield>
         <subfield code="x">Antiquities.</subfield>
      </datafield>
      <datafield tag="651" ind1=" " ind2="0">
         <subfield code="a">Assyria</subfield>
         <subfield code="x">Civilization.</subfield>
      </datafield>
      <datafield tag="650" ind1=" " ind2="7">
         <subfield code="a">Antiquities.</subfield>
         <subfield code="2">fast</subfield>
         <subfield code="0">(OCoLC)fst00810745</subfield>
      </datafield>
      <datafield tag="651" ind1=" " ind2="7">
         <subfield code="a">Middle East</subfield>
         <subfield code="z">Assyria.</subfield>
         <subfield code="2">fast</subfield>
         <subfield code="0">(OCoLC)fst01220876</subfield>
      </datafield>
      <datafield tag="655" ind1=" " ind2="4">
         <subfield code="a">Aufsatzsammlung.</subfield>
      </datafield>
      <datafield tag="655" ind1=" " ind2="7">
         <subfield code="a">History.</subfield>
         <subfield code="2">fast</subfield>
         <subfield code="0">(OCoLC)fst01411628</subfield>
      </datafield>
      <datafield tag="700" ind1="1" ind2=" ">
         <subfield code="a">Wiggermann, F. A. M.</subfield>
      </datafield>
      <datafield tag="700" ind1="1" ind2=" ">
         <subfield code="a">Düring, Bleda S.</subfield>
      </datafield>
      <datafield tag="830" ind1=" " ind2="0">
         <subfield code="a">Uitgaven van het Nederlands Instituut voor het Nabije Oosten te Leiden ;</subfield>
         <subfield code="v">125.</subfield>
      </datafield>
      <datafield tag="OWN" ind1=" " ind2=" ">
         <subfield code="a">GENERAL</subfield>
      </datafield>
      <datafield tag="AVA" ind1=" " ind2=" ">
         <subfield code="a">NYU50</subfield>
         <subfield code="b">NISAW</subfield>
         <subfield code="c">Large Collection</subfield>
         <subfield code="d">DS73.4 .U54 2015 Non-circulating</subfield>
         <subfield code="e">available</subfield>
         <subfield code="t">Available</subfield>
         <subfield code="f">1</subfield>
         <subfield code="g">0</subfield>
         <subfield code="h">N</subfield>
         <subfield code="i">0</subfield>
         <subfield code="j">LARGE</subfield>
         <subfield code="k">0</subfield>
      </datafield>
      <marc:datafield tag="852" ind1=" " ind2=" ">
         <marc:subfield code="b">Institute for the Study of the Ancient World, </marc:subfield>
         <marc:subfield code="c">Large Collection</marc:subfield>
         <marc:subfield code="e">15 East 84th St., </marc:subfield>
         <marc:subfield code="e">New York, NY  10028</marc:subfield>
      </marc:datafield>
   </record>