
  
  
  
  
  
  
  
  
 
  
  <record xsi:schemaLocation="http://www.loc.gov/MARC21/slim http://www.loc.gov/standards/marcxml/schema/MARC21slim.xsd">
      <leader>00000cam a2200625Ii 4500</leader>
      <controlfield tag="FMT">BK</controlfield>
      <controlfield tag="LDR">00000cam a2200625Ii 4500</controlfield>
      <controlfield tag="001">004501034</controlfield>
      <controlfield tag="003">OCoLC</controlfield>
      <controlfield tag="005">20161201100440.0</controlfield>
      <controlfield tag="008">150311s2015    ne abe   b    000 0 eng d</controlfield>
      <datafield tag="020" ind1=" " ind2=" ">
         <subfield code="a">9789062583379</subfield>
         <subfield code="q">(paperback)</subfield>
      </datafield>
      <datafield tag="020" ind1=" " ind2=" ">
         <subfield code="a">9062583377</subfield>
         <subfield code="q">(paperback)</subfield>
      </datafield>
      <datafield tag="035" ind1=" " ind2=" ">
         <subfield code="a">(OCoLC)904665386</subfield>
      </datafield>
      <datafield tag="040" ind1=" " ind2=" ">
         <subfield code="a">NLGGC</subfield>
         <subfield code="b">eng</subfield>
         <subfield code="e">rda</subfield>
         <subfield code="c">NLGGC</subfield>
         <subfield code="d">OCLCO</subfield>
         <subfield code="d">OHX</subfield>
         <subfield code="d">IXA</subfield>
         <subfield code="d">CGU</subfield>
         <subfield code="d">ERASA</subfield>
         <subfield code="d">YDXCP</subfield>
         <subfield code="d">DEBSZ</subfield>
         <subfield code="d">OCLCF</subfield>
         <subfield code="d">CHVBK</subfield>
         <subfield code="d">GZM</subfield>
         <subfield code="d">JPG</subfield>
         <subfield code="d">OCLCQ</subfield>
         <subfield code="d">ZYU</subfield>
      </datafield>
      <datafield tag="041" ind1=" " ind2=" ">
         <subfield code="a">eng</subfield>
         <subfield code="a">fre</subfield>
      </datafield>
      <datafield tag="043" ind1=" " ind2=" ">
         <subfield code="a">a-sy---</subfield>
      </datafield>
      <datafield tag="050" ind1=" " ind2="4">
         <subfield code="a">DS94.5</subfield>
         <subfield code="b">.F76x 2015</subfield>
      </datafield>
      <datafield tag="072" ind1=" " ind2="7">
         <subfield code="a">DS</subfield>
         <subfield code="2">lcco</subfield>
      </datafield>
      <datafield tag="079" ind1=" " ind2=" ">
         <subfield code="a">(OCoLC)904665386</subfield>
      </datafield>
      <datafield tag="245" ind1="0" ind2="0">
         <subfield code="a">From the treasures of Syria :</subfield>
         <subfield code="b">essays on art and archaeology in honour of Stefania Mazzoni /</subfield>
         <subfield code="c">edited by Paola Ciafardoni and Deborah Giannessi.</subfield>
      </datafield>
      <datafield tag="264" ind1=" " ind2="1">
         <subfield code="a">Leiden :</subfield>
         <subfield code="b">Nederlands Instituut voor het Nabije Oosten,</subfield>
         <subfield code="c">2015.</subfield>
      </datafield>
      <datafield tag="300" ind1=" " ind2=" ">
         <subfield code="a">xxxii, 298 pages :</subfield>
         <subfield code="b">illustrations (some color), maps, plans ;</subfield>
         <subfield code="c">27 cm.</subfield>
      </datafield>
      <datafield tag="336" ind1=" " ind2=" ">
         <subfield code="a">text</subfield>
         <subfield code="b">txt</subfield>
         <subfield code="2">rdacontent</subfield>
      </datafield>
      <datafield tag="337" ind1=" " ind2=" ">
         <subfield code="a">unmediated</subfield>
         <subfield code="b">n</subfield>
         <subfield code="2">rdamedia</subfield>
      </datafield>
      <datafield tag="338" ind1=" " ind2=" ">
         <subfield code="a">volume</subfield>
         <subfield code="b">nc</subfield>
         <subfield code="2">rdacarrier</subfield>
      </datafield>
      <datafield tag="490" ind1="1" ind2=" ">
         <subfield code="a">PIHANS, Uitgaven van het Nederlands Instituut voor het Nabije Oosten te Leiden ;</subfield>
         <subfield code="v">CXXVI</subfield>
      </datafield>
      <datafield tag="546" ind1=" " ind2=" ">
         <subfield code="a">English, with preface and 1 article in French.</subfield>
      </datafield>
      <datafield tag="504" ind1=" " ind2=" ">
         <subfield code="a">Includes bibliographical references.</subfield>
      </datafield>
      <datafield tag="505" ind1="0" ind2="0">
         <subfield code="g">I.</subfield>
         <subfield code="t">Sites and Cities.</subfield>
         <subfield code="t">A Palace from the Early Third Millennium in Tell el-'Abd (Raqqa Province) /</subfield>
         <subfield code="r">Uwe Finkbeiner --</subfield>
         <subfield code="t">Travaux Syriens à Amrith I : Introduction et séquence stratigraphique /</subfield>
         <subfield code="r">Michel Al-Maqdissi --</subfield>
         <subfield code="t">Founding and Planning a new Town : the southern town gate at Zincirli /</subfield>
         <subfield code="r">Marina Pucci --</subfield>
         <subfield code="t">Storage Jars and Household Storage Methods in Tell Afis between Late Bronze Age II and Iron Age II /</subfield>
         <subfield code="r">Fabrizio Venturi.</subfield>
         <subfield code="g">II.</subfield>
         <subfield code="t">Kings and Power.</subfield>
         <subfield code="t">Power and Identity Construction in Ancient Urkesh /</subfield>
         <subfield code="r">M. Kelly Buccellati --</subfield>
         <subfield code="t">On the Origin of the Middle Assyrian Obelisks /</subfield>
         <subfield code="r">Paolo Matthiae --</subfield>
         <subfield code="t">A Middle Assyrian Centaur from Tell Fekheriye /</subfield>
         <subfield code="r">Dominik Bonatz --</subfield>
         <subfield code="t">Syro-Phoenician Ivories at Nimrud /</subfield>
         <subfield code="r">Georgina Herrmann and Stuart Laidlaw --</subfield>
         <subfield code="t">Réflexion sur le lit d'ivoire du palais royal d'Ougarit /</subfield>
         <subfield code="t">Annie Caubet.</subfield>
         <subfield code="g">III.</subfield>
         <subfield code="t">Gods and Men.</subfield>
         <subfield code="t">9,000 Years of Cultic Traditions in Northern Mesopotamia and Syria? Thoughts about the crescent, the bull and the pole with human heads /</subfield>
         <subfield code="r">Adelheid Otto --</subfield>
         <subfield code="t">Material Evidence of Cult and Ritual at Tell Atchana, Ancient Alalakh : Deities of the Transitional Middle-Late Bronze Period /</subfield>
         <subfield code="r">Aslihan Yener --</subfield>
         <subfield code="t">On Naked Women : A Case Study /</subfield>
         <subfield code="r">Candida Felli --</subfield>
         <subfield code="t">Images ofthe Steppe : the Bull-Man and Goat Boys pots from Banat/Bazi /</subfield>
         <subfield code="r">Anne Porter --</subfield>
         <subfield code="t">Iron Age Clay Figurines from Tell Afis /</subfield>
         <subfield code="r">Paola D'Amore.</subfield>
         <subfield code="g">IV.</subfield>
         <subfield code="t">General Reflections.</subfield>
         <subfield code="t">Tensional Factors and Compositional Analysis : Crossovers between Linguistics and Art Criticism /</subfield>
         <subfield code="r">Giorgio Buccellati.</subfield>
      </datafield>
      <datafield tag="650" ind1=" " ind2="0">
         <subfield code="a">Excavations (Archaeology)</subfield>
         <subfield code="z">Syria.</subfield>
      </datafield>
      <datafield tag="651" ind1=" " ind2="0">
         <subfield code="a">Syria</subfield>
         <subfield code="x">Antiquities.</subfield>
      </datafield>
      <datafield tag="650" ind1=" " ind2="7">
         <subfield code="a">Antiquities.</subfield>
         <subfield code="2">fast</subfield>
         <subfield code="0">(OCoLC)fst00810745</subfield>
      </datafield>
      <datafield tag="651" ind1=" " ind2="7">
         <subfield code="a">Syria.</subfield>
         <subfield code="2">fast</subfield>
         <subfield code="0">(OCoLC)fst01208757</subfield>
      </datafield>
      <datafield tag="600" ind1="1" ind2="7">
         <subfield code="a">Mazzoni, Stefania.</subfield>
         <subfield code="2">gnd</subfield>
      </datafield>
      <datafield tag="650" ind1=" " ind2="7">
         <subfield code="a">Ausgrabung.</subfield>
         <subfield code="0">(DE-588)4129464-6</subfield>
         <subfield code="2">gnd</subfield>
      </datafield>
      <datafield tag="650" ind1=" " ind2="7">
         <subfield code="a">Funde.</subfield>
         <subfield code="0">(DE-588)4071507-3</subfield>
         <subfield code="2">gnd</subfield>
      </datafield>
      <datafield tag="650" ind1=" " ind2="7">
         <subfield code="a">Kunst.</subfield>
         <subfield code="0">(DE-588)4114333-4</subfield>
         <subfield code="2">gnd</subfield>
      </datafield>
      <datafield tag="651" ind1=" " ind2="7">
         <subfield code="a">Alter Orient.</subfield>
         <subfield code="0">(DE-588)4001451-4</subfield>
         <subfield code="2">gnd</subfield>
      </datafield>
      <datafield tag="651" ind1=" " ind2="7">
         <subfield code="a">Syrien.</subfield>
         <subfield code="0">(DE-588)4058794-0</subfield>
         <subfield code="2">gnd</subfield>
      </datafield>
      <datafield tag="700" ind1="1" ind2=" ">
         <subfield code="a">Mazzoni, Stefania,</subfield>
         <subfield code="e">honouree.</subfield>
      </datafield>
      <datafield tag="700" ind1="1" ind2=" ">
         <subfield code="a">Ciafardoni, Paola,</subfield>
         <subfield code="e">editor.</subfield>
      </datafield>
      <datafield tag="700" ind1="1" ind2=" ">
         <subfield code="a">Giannessi, Deborah,</subfield>
         <subfield code="e">editor.</subfield>
      </datafield>
      <datafield tag="830" ind1=" " ind2="0">
         <subfield code="a">Uitgaven van het Nederlands Instituut voor het Nabije Oosten te Leiden ;</subfield>
         <subfield code="v">126.</subfield>
      </datafield>
      <datafield tag="856" ind1="4" ind2="1">
         <subfield code="3">Table of contents</subfield>
         <subfield code="u">http://swbplus.bsz-bw.de/bsz427818427inh.htm</subfield>
         <subfield code="v">20150409160238</subfield>
      </datafield>
      <datafield tag="856" ind1="4" ind2=" ">
         <subfield code="3">Klappentext</subfield>
         <subfield code="u">http://swbplus.bsz-bw.de/bsz427818427kla.htm</subfield>
         <subfield code="v">20150409160238</subfield>
      </datafield>
      <datafield tag="OWN" ind1=" " ind2=" ">
         <subfield code="a">GENERAL</subfield>
      </datafield>
      <datafield tag="AVA" ind1=" " ind2=" ">
         <subfield code="a">NYU50</subfield>
         <subfield code="b">NISAW</subfield>
         <subfield code="c">Large Collection</subfield>
         <subfield code="d">DS94.5 .F76 2015 Non-circulating</subfield>
         <subfield code="e">available</subfield>
         <subfield code="t">Available</subfield>
         <subfield code="f">1</subfield>
         <subfield code="g">0</subfield>
         <subfield code="h">N</subfield>
         <subfield code="i">0</subfield>
         <subfield code="j">LARGE</subfield>
         <subfield code="k">0</subfield>
      </datafield>
      <marc:datafield tag="852" ind1=" " ind2=" ">
         <marc:subfield code="b">Institute for the Study of the Ancient World, </marc:subfield>
         <marc:subfield code="c">Large Collection</marc:subfield>
         <marc:subfield code="e">15 East 84th St., </marc:subfield>
         <marc:subfield code="e">New York, NY  10028</marc:subfield>
      </marc:datafield>
   </record>