
  
  
  
  
  
  
  
  
 
  
  <record xsi:schemaLocation="http://www.loc.gov/MARC21/slim http://www.loc.gov/standards/marcxml/schema/MARC21slim.xsd">
      <leader>00000cam a22      i 4500</leader>
      <controlfield tag="FMT">BK</controlfield>
      <controlfield tag="LDR">00000cam a22      i 4500</controlfield>
      <controlfield tag="001">004501017</controlfield>
      <controlfield tag="005">20161130164957.0</controlfield>
      <controlfield tag="008">161101s2016    ne ac    b    010 0 eng c</controlfield>
      <datafield tag="020" ind1=" " ind2=" ">
         <subfield code="a">9789062583393</subfield>
      </datafield>
      <datafield tag="020" ind1=" " ind2=" ">
         <subfield code="a">9062583393</subfield>
      </datafield>
      <datafield tag="035" ind1=" " ind2=" ">
         <subfield code="a">(OCoLC)958378235</subfield>
         <subfield code="z">(OCoLC)958349313</subfield>
         <subfield code="z">(OCoLC)959423379</subfield>
      </datafield>
      <datafield tag="040" ind1=" " ind2=" ">
         <subfield code="a">ERASA</subfield>
         <subfield code="b">eng</subfield>
         <subfield code="e">rda</subfield>
         <subfield code="c">ERASA</subfield>
         <subfield code="d">YDX</subfield>
         <subfield code="d">OHX</subfield>
         <subfield code="d">TEF</subfield>
         <subfield code="d">CGU</subfield>
         <subfield code="d">IXA</subfield>
         <subfield code="d">NNU</subfield>
      </datafield>
      <datafield tag="042" ind1=" " ind2=" ">
         <subfield code="a">pcc</subfield>
      </datafield>
      <datafield tag="043" ind1=" " ind2=" ">
         <subfield code="a">a-iq---</subfield>
         <subfield code="a">a-ir---</subfield>
         <subfield code="a">mm-----</subfield>
         <subfield code="a">a-cc---</subfield>
      </datafield>
      <datafield tag="050" ind1=" " ind2="4">
         <subfield code="a">DS69.6</subfield>
         <subfield code="b">.S55 2016</subfield>
      </datafield>
      <datafield tag="079" ind1=" " ind2=" ">
         <subfield code="a">(OCoLC)958378235</subfield>
      </datafield>
      <datafield tag="082" ind1="0" ind2="4">
         <subfield code="a">932-933</subfield>
      </datafield>
      <datafield tag="245" ind1="0" ind2="0">
         <subfield code="a">Silver, money and credit :</subfield>
         <subfield code="b">a tribute to Robartus J. van der Spek on the occasion of his 65th birthday /</subfield>
         <subfield code="c">edited by Kristin Kleber and Reinhard Pirngruber.</subfield>
      </datafield>
      <datafield tag="264" ind1=" " ind2="1">
         <subfield code="a">Leiden :</subfield>
         <subfield code="b">Nederlands Instituut voor het Nabije Oosten,</subfield>
         <subfield code="c">2016.</subfield>
      </datafield>
      <datafield tag="300" ind1=" " ind2=" ">
         <subfield code="a">xxvii, 348 pages :</subfield>
         <subfield code="b">illustrations, portrait ;</subfield>
         <subfield code="c">27 cm.</subfield>
      </datafield>
      <datafield tag="336" ind1=" " ind2=" ">
         <subfield code="a">text</subfield>
         <subfield code="b">txt</subfield>
         <subfield code="2">rdacontent</subfield>
      </datafield>
      <datafield tag="337" ind1=" " ind2=" ">
         <subfield code="a">unmediated</subfield>
         <subfield code="b">n</subfield>
         <subfield code="2">rdamedia</subfield>
      </datafield>
      <datafield tag="338" ind1=" " ind2=" ">
         <subfield code="a">volume</subfield>
         <subfield code="b">nc</subfield>
         <subfield code="2">rdacarrier</subfield>
      </datafield>
      <datafield tag="490" ind1="1" ind2=" ">
         <subfield code="a">PIHANS. Uitgaven van het Nederlands Instituut voor het Nabije Oosten te Leiden ;</subfield>
         <subfield code="v">CXXVIII</subfield>
      </datafield>
      <datafield tag="504" ind1=" " ind2=" ">
         <subfield code="a">Includes bibliographical references.</subfield>
      </datafield>
      <datafield tag="505" ind1="0" ind2="0">
         <subfield code="t">Editors' foreword /</subfield>
         <subfield code="r">Kristin Kleber and Reinhard Pirngruber --</subfield>
         <subfield code="t">Toespraak bij het afscheid ban Bern van der Spek als hoogleraar Oudheidkunde /</subfield>
         <subfield code="r">Jaap-Jan Flinterman --</subfield>
         <subfield code="t">"Bert" and the History and Historiography of the Seleucid Empire /</subfield>
         <subfield code="r">Amelie Kuhrt --</subfield>
         <subfield code="t">Bibliography of Robartus J. van der Spek /</subfield>
         <subfield code="t">Tabula Gratulatoria.</subfield>
         <subfield code="t">Mesopotamia.</subfield>
         <subfield code="t">Early Silver : Thoughts about the Sign KU₃ in the Earliest documents from Uruk /</subfield>
         <subfield code="r">Theo J.H. Krispijn --</subfield>
         <subfield code="t">Kaspam lašqul "Let me weigh out the silver": Mesopotamian and Anatolian Weights during the Old Assyrian Colony Period /</subfield>
         <subfield code="r">Jan Gerrit Dercksen --</subfield>
         <subfield code="t">The Old Babylonian "I Owe You" /</subfield>
         <subfield code="r">Marten Stol --</subfield>
         <subfield code="t">The Kassite Gold and the Post-Kassite Standards Revisited /</subfield>
         <subfield code="r">Kristin Kleber --</subfield>
         <subfield code="t">Silver and Other Forms of Elite Wealth in Seventh Century BC Babylonia /</subfield>
         <subfield code="r">Michael Jursa --</subfield>
         <subfield code="t">The Silver has gone-- Temple Theft and a Divided Community in Achaemenid Babylonia /</subfield>
         <subfield code="r">Caroline Waerzeggers --</subfield>
         <subfield code="t">New Additions to the Raḫimesu Archive: Parthian Texts from the British Museum and the World Museum Liverpool /</subfield>
         <subfield code="r">Johannes Hackl --</subfield>
         <subfield code="t">The Value of Silver : Wages as Guides to the Standard of Living in First Millennium BC Babylonia /</subfield>
         <subfield code="r">Reinhard Pirngruber.</subfield>
         <subfield code="t">China and the Persian Empire.</subfield>
         <subfield code="t">Silverization of China during the Ming-Qing Transition (ca. 1550-1700) and the Consequences for Research into the Babylonian Economy /</subfield>
         <subfield code="r">Bas van Leeuwen and Yi Xu --</subfield>
         <subfield code="t">Your Tally is Full! On Wooden Credit Records in and after the Achaemenid Empire /</subfield>
         <subfield code="r">Wouter F.M. Henkelman and Margaretha L. Folmer --</subfield>
         <subfield code="t">Elusive Silver in the Achaemenid Heartland : Thoughts on the Presence and Use of Silver According to the Persepolis Fortification and Treasure Archives /</subfield>
         <subfield code="r">Mark Tamerus.</subfield>
      </datafield>
      <datafield tag="505" ind1="8" ind2="0">
         <subfield code="t">The Levant and Greece.</subfield>
         <subfield code="t">Silver in Search of his Father : A Comparative Folkloristic Approach to an Episode of the Song of Silver /</subfield>
         <subfield code="r">Willemijn J.I. Waal --</subfield>
         <subfield code="t">Mycenae, Rich in Silver /</subfield>
         <subfield code="r">Jorrit M. Kelder --</subfield>
         <subfield code="t">The Silver Krater of King Phaedimus : A Small Piece of Tyrian History in the Odyssey /</subfield>
         <subfield code="r">Caroline von der Brugge --</subfield>
         <subfield code="t">"A Bad Penny Always Turns Up" : Silver Coins and Citizenship Ideology in Classical Athens /</subfield>
         <subfield code="r">Diana E. Kretschmann.</subfield>
      </datafield>
      <datafield tag="520" ind1="8" ind2=" ">
         <subfield code="a">Silver, Money and Credit gathers a collection of contributions by leading specialists on the role of silver in Ancient Mesopotamia. The volume is a tribute to Robartus J. van der Spek, professor emeritus at the VU University Amsterdam. The thematic core area is the documentation concerning silver in cuneiform sources from first millennium BC Babylonia, and how this vast body of primary sources can be employed in order to shed light on aspects of the economy. It thus coincides with the honouree's main area of research. The volume is rounded off by comparative material mainly from other periods in Mesopotamian history, rendering justice to his broad range of interest. The scope of the volume thus extends from the first written records on the use of silver in Uruk to the Neo-Babylonian Empire's apogee in the sixth century BC and further to insights to be gained from comparisons with early modern economies.</subfield>
      </datafield>
      <datafield tag="650" ind1=" " ind2="0">
         <subfield code="a">Silver</subfield>
         <subfield code="z">Iraq.</subfield>
      </datafield>
      <datafield tag="651" ind1=" " ind2="0">
         <subfield code="a">Iraq</subfield>
         <subfield code="x">Civilization</subfield>
         <subfield code="y">To 634.</subfield>
      </datafield>
      <datafield tag="650" ind1=" " ind2="0">
         <subfield code="a">Silver</subfield>
         <subfield code="z">Iran.</subfield>
      </datafield>
      <datafield tag="650" ind1=" " ind2="0">
         <subfield code="a">Silver</subfield>
         <subfield code="z">Mediterranean Region.</subfield>
      </datafield>
      <datafield tag="650" ind1=" " ind2="0">
         <subfield code="a">Silver</subfield>
         <subfield code="z">China.</subfield>
      </datafield>
      <datafield tag="650" ind1=" " ind2="0">
         <subfield code="a">Economics, Prehistoric</subfield>
         <subfield code="z">Iraq.</subfield>
      </datafield>
      <datafield tag="700" ind1="1" ind2=" ">
         <subfield code="a">Spek, R. J. van der,</subfield>
         <subfield code="e">honouree.</subfield>
      </datafield>
      <datafield tag="700" ind1="1" ind2=" ">
         <subfield code="a">Kleber, Kristin,</subfield>
         <subfield code="e">editor.</subfield>
      </datafield>
      <datafield tag="700" ind1="1" ind2=" ">
         <subfield code="a">Pirngruber, Reinhard,</subfield>
         <subfield code="e">editor.</subfield>
      </datafield>
      <datafield tag="830" ind1=" " ind2="0">
         <subfield code="a">Uitgaven van het Nederlands Instituut voor het Nabije Oosten te Leiden ;</subfield>
         <subfield code="v">128.</subfield>
         <subfield code="x">1571-5728</subfield>
      </datafield>
      <datafield tag="OWN" ind1=" " ind2=" ">
         <subfield code="a">GENERAL</subfield>
      </datafield>
      <datafield tag="AVA" ind1=" " ind2=" ">
         <subfield code="a">NYU50</subfield>
         <subfield code="b">NISAW</subfield>
         <subfield code="c">Large Collection</subfield>
         <subfield code="d">HC34 .S55 2016 Non-circulating</subfield>
         <subfield code="e">available</subfield>
         <subfield code="t">Available</subfield>
         <subfield code="f">1</subfield>
         <subfield code="g">0</subfield>
         <subfield code="h">N</subfield>
         <subfield code="i">0</subfield>
         <subfield code="j">LARGE</subfield>
         <subfield code="k">0</subfield>
      </datafield>
      <marc:datafield tag="852" ind1=" " ind2=" ">
         <marc:subfield code="b">Institute for the Study of the Ancient World, </marc:subfield>
         <marc:subfield code="c">Large Collection</marc:subfield>
         <marc:subfield code="e">15 East 84th St., </marc:subfield>
         <marc:subfield code="e">New York, NY  10028</marc:subfield>
      </marc:datafield>
   </record>