
  
  
  
  
  
  
  
  
 
  
  <record xsi:schemaLocation="http://www.loc.gov/MARC21/slim http://www.loc.gov/standards/marcxml/schema/MARC21slim.xsd">
      <leader>00000cam a2200445Ii 4500</leader>
      <controlfield tag="FMT">BK</controlfield>
      <controlfield tag="LDR">00000cam a2200445Ii 4500</controlfield>
      <controlfield tag="001">004500996</controlfield>
      <controlfield tag="003">OCoLC</controlfield>
      <controlfield tag="005">20161101115556.0</controlfield>
      <controlfield tag="008">161101t20162016pl a     b    101 0 ger d</controlfield>
      <datafield tag="020" ind1=" " ind2=" ">
         <subfield code="a">8393842530</subfield>
         <subfield code="q">hardback</subfield>
      </datafield>
      <datafield tag="020" ind1=" " ind2=" ">
         <subfield code="a">9788393842537</subfield>
         <subfield code="q">hardback</subfield>
      </datafield>
      <datafield tag="035" ind1=" " ind2=" ">
         <subfield code="a">(OCoLC)960833721</subfield>
         <subfield code="z">(OCoLC)961414890</subfield>
      </datafield>
      <datafield tag="040" ind1=" " ind2=" ">
         <subfield code="a">YDX</subfield>
         <subfield code="b">eng</subfield>
         <subfield code="e">rda</subfield>
         <subfield code="c">YDX</subfield>
         <subfield code="d">CUY</subfield>
         <subfield code="d">OCLCO</subfield>
         <subfield code="d">ZYU</subfield>
      </datafield>
      <datafield tag="041" ind1="0" ind2=" ">
         <subfield code="a">ger</subfield>
         <subfield code="a">fre</subfield>
         <subfield code="a">ita</subfield>
         <subfield code="a">eng</subfield>
         <subfield code="a">grc</subfield>
      </datafield>
      <datafield tag="043" ind1=" " ind2=" ">
         <subfield code="a">ff-----</subfield>
         <subfield code="a">e------</subfield>
         <subfield code="a">aw-----</subfield>
      </datafield>
      <datafield tag="050" ind1=" " ind2="4">
         <subfield code="a">KJA3340</subfield>
         <subfield code="b">.R43 2016</subfield>
      </datafield>
      <datafield tag="066" ind1=" " ind2=" ">
         <subfield code="c">(S</subfield>
      </datafield>
      <datafield tag="079" ind1=" " ind2=" ">
         <subfield code="a">(OCoLC)960833721</subfield>
      </datafield>
      <datafield tag="082" ind1="0" ind2="4">
         <subfield code="a">347.37</subfield>
         <subfield code="2">23</subfield>
      </datafield>
      <datafield tag="245" ind1="0" ind2="0">
         <subfield code="a">Recht haben und Recht bekommen im Imperium Romanum :</subfield>
         <subfield code="b">das Gerichtswesen der Rö̈mischen Kaiserzeit und seine dokumentarische Evidenz : ausgewählte beiträge einer Serie von drei Konferenzen an der Villa Vigoni in den Jahren 2010 bis 2012 /</subfield>
         <subfield code="c">herausgegeben von Rudolf Haensch ; mit unterstützung durch Frédéric Hurlet [and three others].</subfield>
      </datafield>
      <datafield tag="250" ind1=" " ind2=" ">
         <subfield code="a">Wydanie I.</subfield>
      </datafield>
      <datafield tag="264" ind1=" " ind2="1">
         <subfield code="a">Warszawa :</subfield>
         <subfield code="b">Jointly published by the Faculty of Law and Administration of the University of Warsaw, the Institute of Archaeology of the University of Warsaw, and Fundacja im. Rafała Taubenschlaga,</subfield>
         <subfield code="c">2016.</subfield>
      </datafield>
      <datafield tag="264" ind1=" " ind2="4">
         <subfield code="c">©2016</subfield>
      </datafield>
      <datafield tag="300" ind1=" " ind2=" ">
         <subfield code="a">xxvi, 790 pages, 2 unnumbered pages of plates ;</subfield>
         <subfield code="b">illustrations (some color) ;</subfield>
         <subfield code="c">24 cm.</subfield>
      </datafield>
      <datafield tag="336" ind1=" " ind2=" ">
         <subfield code="a">text</subfield>
         <subfield code="b">txt</subfield>
         <subfield code="2">rdacontent</subfield>
      </datafield>
      <datafield tag="337" ind1=" " ind2=" ">
         <subfield code="a">unmediated</subfield>
         <subfield code="b">n</subfield>
         <subfield code="2">rdamedia</subfield>
      </datafield>
      <datafield tag="338" ind1=" " ind2=" ">
         <subfield code="a">volume</subfield>
         <subfield code="b">nc</subfield>
         <subfield code="2">rdacarrier</subfield>
      </datafield>
      <datafield tag="490" ind1="1" ind2=" ">
         <subfield code="a">Journal of Juristic Papyrology : supplements ;</subfield>
         <subfield code="v">volume 24</subfield>
      </datafield>
      <datafield tag="500" ind1=" " ind2=" ">
         <subfield code="a">Papers presented at three conferences held at the Villa Vigoni, Menaggio, Italy, from September 8-11, 2010; July 3-6, 2011; and November 11-14, 2012.</subfield>
      </datafield>
      <datafield tag="504" ind1=" " ind2=" ">
         <subfield code="a">Includes bibliographical references and indexes.</subfield>
      </datafield>
      <datafield tag="546" ind1=" " ind2=" ">
         <subfield code="a">9 contributions in German, 5 in French, 4 in Italian, 4 in English; contains texts in Greek.</subfield>
      </datafield>
      <datafield tag="505" ind1="0" ind2="0">
         <subfield code="g">I.</subfield>
         <subfield code="t">Zur Gerichtspraxis zentraler Institutionen der Hohen Kaiserzeit.</subfield>
         <subfield code="t">Les origines de la juridiction impériale : Imperator Caesar Augustus iudex /</subfield>
         <subfield code="r">Frédéric Hurlet --</subfield>
         <subfield code="t">L'empereur juge et son tribunal à la fin du Principat : Un essai de synthèse /</subfield>
         <subfield code="r">Jean-Pierre Coriat --</subfield>
         <subfield code="t">Entre juridiction civique et juridiction impériale : La sphère de compétences du proconsul /</subfield>
         <subfield code="r">Frédéric Hurlet --</subfield>
         <subfield code="t">Die Strafgerichtsbarkeit des praefectus Aegypti /</subfield>
         <subfield code="r">Andrea Jördens --</subfield>
         <subfield code="t">Im Schatten Alexandrias : Der iuridicus Aegypti et Alexandreae /</subfield>
         <subfield code="r">Rudolf Haensch --</subfield>
         <subfield code="t">La giurisdizione nei municipia dell'occidente romano e il cap. 84 della lex Irnitana /</subfield>
         <subfield code="r">Francesca Lamberti --</subfield>
         <subfield code="t">Prassi giuridico-amministrativa nella χωρα egiziana : Fra lex romana e diritto locale /</subfield>
         <subfield code="r">Silvia Strassi --</subfield>
         <subfield code="t">How to kill a bishop : Organs of Christian persecution in the third century /</subfield>
         <subfield code="r">Christopher J. Fuhrmann.</subfield>
         <subfield code="g">II.</subfield>
         <subfield code="t">Zur Gerichtspraxis zentraler Institutionen der Spätantike. Die Gerichtsbarkeit des praefectus urbi über Senatoren unter Theoderich : Verfahrensrechtliche Kontinuität und politischer Pragmatismus /</subfield>
         <subfield code="r">Katharina Wojciech --</subfield>
         <subfield code="t">Die Protokolle der Statthaltergerichte der spätantiken Provinzen Ägyptens /</subfield>
         <subfield code="r">Rudolf Haensch --</subfield>
         <subfield code="t">Zur Rechtsprechung des curator rei publicae/λογιστης in Oxyrhynchos /</subfield>
         <subfield code="r">Sandra Scheuble-Reiter --</subfield>
         <subfield code="t">The papal appeal court in the sixth century : The example of the Roman Synod of 531 /</subfield>
         <subfield code="r">Dominic Moreau.</subfield>
         <subfield code="g">III.</subfield>
         <subfield code="t">Strukturelle Fragen.</subfield>
         <subfield code="t">Petitions with requests for registration from Roman Egypt /</subfield>
         <subfield code="r">Benjamin Kelly --</subfield>
         <subfield code="t">Eingaben an Militärs im spätantiken Ägypten /</subfield>
         <subfield code="r">Bernhard Palme --</subfield>
         <subfield code="t">La descrizione di atti criminosi e violazioni nei papiri : υβρις, αικια, πληγαι, βια /</subfield>
         <subfield code="r">Roberto Mascellari --</subfield>
         <subfield code="t">Les erreurs de statut et l'idée de liberté dans l'espace judiciaire romain impérial jusqu'au IIIe siècle /</subfield>
         <subfield code="r">Claudia Moatti --</subfield>
      </datafield>
      <datafield tag="505" ind1="8" ind2="0">
         <subfield code="t">Typisches und Untypisches bei der Urteilsfindung /</subfield>
         <subfield code="r">Alfons Bürge --</subfield>
         <subfield code="t">La validité des actes des déchus (Codex Theodosianus XV 14) /</subfield>
         <subfield code="r">Jean-Jacques Aubert --</subfield>
         <subfield code="t">Iconographic continuity in the scenes of Jesus' trial before Pilate /</subfield>
         <subfield code="r">Leanne Bablitz.</subfield>
         <subfield code="g">IV.</subfield>
         <subfield code="t">Neue Dokumente zur antiken Gerichtspraxis.</subfield>
         <subfield code="t">Fragment mit dem Protokoll einer Verhandlung vor dem Archiereus /</subfield>
         <subfield code="r">Sandra Scheuble-Reiter --</subfield>
         <subfield code="t">Säumnisladung und Säumnisfolgen : ein peremptorisches Edikt auf einem spätantiken Papyrus (P. Vindob. G 14475) /</subfield>
         <subfield code="r">Claudia Kreuzsaler --</subfield>
         <subfield code="t">Les breviatica de Kasai en Pamphylie : Un jugement du maître des offices sous le règne de Zénon /</subfield>
         <subfield code="r">Denis Feissel.</subfield>
      </datafield>
      <datafield tag="650" ind1=" " ind2="0">
         <subfield code="a">Justice, Administration of (Roman law)</subfield>
         <subfield code="v">Congresses.</subfield>
      </datafield>
      <datafield tag="650" ind1=" " ind2="0">
         <subfield code="a">Roman law</subfield>
         <subfield code="v">Sources</subfield>
         <subfield code="v">Congresses.</subfield>
      </datafield>
      <datafield tag="700" ind1="1" ind2=" ">
         <subfield code="a">Haensch, Rudolf,</subfield>
         <subfield code="e">editor.</subfield>
      </datafield>
      <datafield tag="700" ind1="1" ind2=" ">
         <subfield code="a">Hurlet, Frédéric,</subfield>
         <subfield code="e">editor.</subfield>
      </datafield>
      <datafield tag="830" ind1=" " ind2="0">
         <subfield code="a">Journal of juristic papyrology.</subfield>
         <subfield code="p">Supplement ;</subfield>
         <subfield code="v">v. 24.</subfield>
      </datafield>
      <datafield tag="880" ind1="0" ind2="0">
         <subfield code="9"/>
         <subfield code="t">Die Gerichtsbarkeit des praefectus urbi über Senatoren unter Theoderich : Verfahrensrechtliche Kontinuität und politischer Pragmatismus /</subfield>
         <subfield code="r">Katharina Wojciech --</subfield>
         <subfield code="t">Die Protokolle der Statthaltergerichte der spätantiken Provinzen Ägyptens /</subfield>
         <subfield code="r">Rudolf Haensch --</subfield>
         <subfield code="t">Zur Rechtsprechung des curator rei publicae/λογιστης in Oxyrhynchos /</subfield>
         <subfield code="r">Sandra Scheuble-Reiter --</subfield>
         <subfield code="t">The papal appeal court in the sixth century : The example of the Roman Synod of 531 /</subfield>
         <subfield code="r">Dominic Moreau.</subfield>
         <subfield code="g">III.</subfield>
         <subfield code="t">Strukturelle Fragen.</subfield>
         <subfield code="t">Petitions with requests for registration from Roman Egypt /</subfield>
         <subfield code="r">Benjamin Kelly --</subfield>
         <subfield code="t">Eingaben an Militärs im spätantiken Ägypten /</subfield>
         <subfield code="r">Bernhard Palme --</subfield>
         <subfield code="t">La descrizione di atti criminosi e violazioni nei papiri : υβρις, αικια, πληγαι, βια /</subfield>
         <subfield code="r">Roberto Mascellari --</subfield>
         <subfield code="t">Les erreurs de statut et l'idée de liberté dans l'espace judiciaire romain impérial jusqu'au IIIe siècle /</subfield>
         <subfield code="r">Claudia Moatti --</subfield>
         <subfield code="t">Typisches und Untypisches bei der Urteilsfindung /</subfield>
      </datafield>
      <datafield tag="880" ind1="0" ind2="0">
         <subfield code="9"/>
         <subfield code="r">Alfons Bürge --</subfield>
         <subfield code="t">La validité des actes des déchus (Codex Theodosianus XV 14) /</subfield>
         <subfield code="r">Jean-Jacques Aubert --</subfield>
         <subfield code="t">Iconographic continuity in the scenes of Jesus' trial before Pilate /</subfield>
         <subfield code="r">Leanne Bablitz.</subfield>
         <subfield code="g">IV.</subfield>
         <subfield code="t">Neue Dokumente zur antiken Gerichtspraxis.</subfield>
         <subfield code="t">Fragment mit dem Protokoll einer Verhandlung vor dem Archiereus /</subfield>
         <subfield code="r">Sandra Scheuble-Reiter --</subfield>
         <subfield code="t">Säumnisladung und Säumnisfolgen : ein peremptorisches Edikt auf einem spätantiken Papyrus (P. Vindob. G 14475) /</subfield>
         <subfield code="r">Claudia Kreuzsaler --</subfield>
         <subfield code="t">Les breviatica de Kasai en Pamphylie : Un jugement du maître des offices sous le règne de Zénon /</subfield>
         <subfield code="r">Denis Feissel.</subfield>
      </datafield>
      <datafield tag="994" ind1=" " ind2=" ">
         <subfield code="a">Z0</subfield>
         <subfield code="b">ZYU</subfield>
      </datafield>
      <datafield tag="OWN" ind1=" " ind2=" ">
         <subfield code="a">GENERAL</subfield>
      </datafield>
      <datafield tag="AVA" ind1=" " ind2=" ">
         <subfield code="a">NYU50</subfield>
         <subfield code="b">NISAW</subfield>
         <subfield code="c">Small Collection</subfield>
         <subfield code="d">KJA3340 .R43 2016 Non-circulating</subfield>
         <subfield code="e">available</subfield>
         <subfield code="t">Available</subfield>
         <subfield code="f">1</subfield>
         <subfield code="g">0</subfield>
         <subfield code="h">N</subfield>
         <subfield code="i">0</subfield>
         <subfield code="j">SMALL</subfield>
         <subfield code="k">0</subfield>
      </datafield>
      <marc:datafield tag="852" ind1=" " ind2=" ">
         <marc:subfield code="b">Institute for the Study of the Ancient World, </marc:subfield>
         <marc:subfield code="c">Small Collection</marc:subfield>
         <marc:subfield code="e">15 East 84th St., </marc:subfield>
         <marc:subfield code="e">New York, NY  10028</marc:subfield>
      </marc:datafield>
   </record>