
  
  
  
  
  
  
  
  
  
 
  
  <record xsi:schemaLocation="http://www.loc.gov/MARC21/slim http://www.loc.gov/standards/marcxml/schema/MARC21slim.xsd">
      <leader>00000cam a2200673 i 4500</leader>
      <controlfield tag="FMT">BK</controlfield>
      <controlfield tag="LDR">00000cam a2200673 i 4500</controlfield>
      <controlfield tag="001">004501158</controlfield>
      <controlfield tag="003">OCoLC</controlfield>
      <controlfield tag="005">20161215142306.0</controlfield>
      <controlfield tag="008">110131t20102010gw a     b    001 0 ger c</controlfield>
      <datafield tag="010" ind1=" " ind2=" ">
         <subfield code="a">2010546649</subfield>
      </datafield>
      <datafield tag="015" ind1=" " ind2=" ">
         <subfield code="a">10,N48</subfield>
         <subfield code="2">dnb</subfield>
      </datafield>
      <datafield tag="016" ind1="7" ind2=" ">
         <subfield code="a">1008555878</subfield>
         <subfield code="2">DE-101</subfield>
      </datafield>
      <datafield tag="020" ind1=" " ind2=" ">
         <subfield code="a">9783935012072</subfield>
         <subfield code="q">(alk. paper)</subfield>
      </datafield>
      <datafield tag="020" ind1=" " ind2=" ">
         <subfield code="a">3935012071</subfield>
         <subfield code="q">(alk. paper)</subfield>
      </datafield>
      <datafield tag="035" ind1=" " ind2=" ">
         <subfield code="a">(OCoLC)693803545</subfield>
      </datafield>
      <datafield tag="040" ind1=" " ind2=" ">
         <subfield code="a">OHX</subfield>
         <subfield code="b">eng</subfield>
         <subfield code="e">rda</subfield>
         <subfield code="c">OHX</subfield>
         <subfield code="d">DLC</subfield>
         <subfield code="d">CGU</subfield>
         <subfield code="d">GWDNB</subfield>
         <subfield code="d">YUS</subfield>
         <subfield code="d">OCLCO</subfield>
         <subfield code="d">OCLCQ</subfield>
         <subfield code="d">YDXCP</subfield>
         <subfield code="d">BTCTA</subfield>
         <subfield code="d">OCLCQ</subfield>
         <subfield code="d">OCLCO</subfield>
         <subfield code="d">OCLCF</subfield>
         <subfield code="d">CHVBK</subfield>
         <subfield code="d">OCLCQ</subfield>
         <subfield code="d">S3O</subfield>
         <subfield code="d">OCLCO</subfield>
         <subfield code="d">ZYU</subfield>
      </datafield>
      <datafield tag="042" ind1=" " ind2=" ">
         <subfield code="a">pcc</subfield>
      </datafield>
      <datafield tag="043" ind1=" " ind2=" ">
         <subfield code="a">f-ua---</subfield>
      </datafield>
      <datafield tag="050" ind1="0" ind2="0">
         <subfield code="a">DT73.I3</subfield>
         <subfield code="b">E343 2010</subfield>
      </datafield>
      <datafield tag="072" ind1=" " ind2="7">
         <subfield code="a">DT</subfield>
         <subfield code="2">lcco</subfield>
      </datafield>
      <datafield tag="079" ind1=" " ind2=" ">
         <subfield code="a">(OCoLC)693803545</subfield>
      </datafield>
      <datafield tag="082" ind1="0" ind2="4">
         <subfield code="a">932</subfield>
         <subfield code="2">22/ger</subfield>
      </datafield>
      <datafield tag="245" ind1="0" ind2="0">
         <subfield code="a">EDFU :</subfield>
         <subfield code="b">Materialien und Studien /</subfield>
         <subfield code="c">herausgegeben von Dieter Kurth und Wolfgang Waitkus.</subfield>
      </datafield>
      <datafield tag="260" ind1=" " ind2=" ">
         <subfield code="a">Gladbeck :</subfield>
         <subfield code="b">PeWe-Verlag,</subfield>
         <subfield code="c">2010, ©2010.</subfield>
      </datafield>
      <datafield tag="300" ind1=" " ind2=" ">
         <subfield code="a">xvi, 206 pages :</subfield>
         <subfield code="b">illustrations ;</subfield>
         <subfield code="c">31 cm.</subfield>
      </datafield>
      <datafield tag="336" ind1=" " ind2=" ">
         <subfield code="a">text</subfield>
         <subfield code="b">txt</subfield>
         <subfield code="2">rdacontent</subfield>
      </datafield>
      <datafield tag="337" ind1=" " ind2=" ">
         <subfield code="a">unmediated</subfield>
         <subfield code="b">n</subfield>
         <subfield code="2">rdamedia</subfield>
      </datafield>
      <datafield tag="338" ind1=" " ind2=" ">
         <subfield code="a">volume</subfield>
         <subfield code="b">nc</subfield>
         <subfield code="2">rdacarrier</subfield>
      </datafield>
      <datafield tag="490" ind1="1" ind2=" ">
         <subfield code="a">Die Inschriften des Tempels von Edfu. Begleithefte,</subfield>
         <subfield code="x">0937-8413 ;</subfield>
         <subfield code="v">Heft 6</subfield>
      </datafield>
      <datafield tag="504" ind1=" " ind2=" ">
         <subfield code="a">Includes bibliographical references (pages ix-xvi) and indexes.</subfield>
      </datafield>
      <datafield tag="505" ind1="0" ind2="0">
         <subfield code="t">Das Kind, das mit allem beginnt : Zu einer Bezeichnung der Hathor von Dendera, von Kindgöttern und vom König in griechisch-römischen Tempeltexten /</subfield>
         <subfield code="r">Dagmar Budde --</subfield>
         <subfield code="t">Nochmals zur Lage von Behede /</subfield>
         <subfield code="r">Andreas Effland and Jan-Peter Graeff --</subfield>
         <subfield code="t">"Edfumanie" : Edfu-Rezeption in Architektur und Dekoration /</subfield>
         <subfield code="r">Andreas Effland --</subfield>
         <subfield code="t">Beiträge zur Geschichte des Horus-Tempels von Edfu : Ein Fund wiederverwendeter Blockfragmente im grossen Hof /</subfield>
         <subfield code="r">Martin von Falck --</subfield>
         <subfield code="t">"Edfumanie" : Edfu-Rezeption in den Neuen Medien /</subfield>
         <subfield code="r">Jan-Peter Graeff --</subfield>
         <subfield code="t">Untersuchung zu wiederkehrenden Textelementen innerhalb des Edfu-Formulars EDFOU V-VIII : Tradierter Urtext oder tradiertes Gedankengut? /</subfield>
         <subfield code="r">Jan-Peter Graeff --</subfield>
         <subfield code="t">Die Datenbanken des Edfu-Projektes /</subfield>
         <subfield code="r">Jan-Peter Graeff --</subfield>
         <subfield code="t">Seinem Herzen folgen im Myrrhental : Studien zum Formular der Edfu-Texte /</subfield>
         <subfield code="r">Susanne Martinssen-von Falck --</subfield>
         <subfield code="t">Die Verteilung der Darstellungen des königlichen Ka in der Tempeldekoration der griechisch-römischen Zeit /</subfield>
         <subfield code="r">Wolfgang Waitkus --</subfield>
         <subfield code="t">Die Beziehung der Heiligen Schlangen zur Urgötternekropole (j3t n</subfield>
      </datafield>
      <datafield tag="651" ind1=" " ind2="0">
         <subfield code="a">Idfū (Egypt)</subfield>
         <subfield code="x">Antiquities.</subfield>
      </datafield>
      <datafield tag="650" ind1=" " ind2="0">
         <subfield code="a">Temples</subfield>
         <subfield code="z">Egypt</subfield>
         <subfield code="z">Idfū.</subfield>
      </datafield>
      <datafield tag="610" ind1="2" ind2="0">
         <subfield code="a">Temple of Horus (Idfū, Egypt)</subfield>
      </datafield>
      <datafield tag="650" ind1=" " ind2="7">
         <subfield code="a">Antiquities.</subfield>
         <subfield code="2">fast</subfield>
         <subfield code="0">(OCoLC)fst00810745</subfield>
      </datafield>
      <datafield tag="650" ind1=" " ind2="7">
         <subfield code="a">Temples.</subfield>
         <subfield code="2">fast</subfield>
         <subfield code="0">(OCoLC)fst01147397</subfield>
      </datafield>
      <datafield tag="651" ind1=" " ind2="7">
         <subfield code="a">Egypt</subfield>
         <subfield code="z">Idfū.</subfield>
         <subfield code="2">fast</subfield>
         <subfield code="0">(OCoLC)fst01229374</subfield>
      </datafield>
      <datafield tag="700" ind1="1" ind2=" ">
         <subfield code="a">Kurth, Dieter.</subfield>
      </datafield>
      <datafield tag="700" ind1="1" ind2=" ">
         <subfield code="a">Waitkus, Wolfgang.</subfield>
      </datafield>
      <datafield tag="830" ind1=" " ind2="0">
         <subfield code="a">Inschriften des Tempels von Edfu.</subfield>
         <subfield code="p">Begleithefte ;</subfield>
         <subfield code="v">Heft 6.</subfield>
      </datafield>
      <datafield tag="856" ind1="4" ind2="1">
         <subfield code="3">Table of contents</subfield>
         <subfield code="u">http://d-nb.info/1008555878/04</subfield>
      </datafield>
      <datafield tag="OWN" ind1=" " ind2=" ">
         <subfield code="a">GENERAL</subfield>
      </datafield>
      <datafield tag="AVA" ind1=" " ind2=" ">
         <subfield code="a">NYU50</subfield>
         <subfield code="b">NISAW</subfield>
         <subfield code="c">Large Collection</subfield>
         <subfield code="d">PJ1526.I33 I57 Suppl.:Heft 6 2010 Non-circulating</subfield>
         <subfield code="e">available</subfield>
         <subfield code="t">Available</subfield>
         <subfield code="f">1</subfield>
         <subfield code="g">0</subfield>
         <subfield code="h">N</subfield>
         <subfield code="i">0</subfield>
         <subfield code="j">LARGE</subfield>
         <subfield code="k">0</subfield>
      </datafield>
      <marc:datafield tag="852" ind1=" " ind2=" ">
         <marc:subfield code="b">Institute for the Study of the Ancient World, </marc:subfield>
         <marc:subfield code="c">Large Collection</marc:subfield>
         <marc:subfield code="e">15 East 84th St., </marc:subfield>
         <marc:subfield code="e">New York, NY  10028</marc:subfield>
      </marc:datafield>
   </record>