
  
  
  
  
  
  
  
  
 
  
  <record xsi:schemaLocation="http://www.loc.gov/MARC21/slim http://www.loc.gov/standards/marcxml/schema/MARC21slim.xsd">
      <leader>00000cam a2200793 i 4500</leader>
      <controlfield tag="FMT">BK</controlfield>
      <controlfield tag="LDR">00000cam a2200793 i 4500</controlfield>
      <controlfield tag="001">004502175</controlfield>
      <controlfield tag="003">OCoLC</controlfield>
      <controlfield tag="005">20161114115616.0</controlfield>
      <controlfield tag="008">150416s2016    enka     bl   000 0 eng</controlfield>
      <datafield tag="010" ind1=" " ind2=" ">
         <subfield code="a">2015015128</subfield>
      </datafield>
      <datafield tag="020" ind1=" " ind2=" ">
         <subfield code="a">9780521196826</subfield>
         <subfield code="q">(3 vol. set: hardback)</subfield>
      </datafield>
      <datafield tag="020" ind1=" " ind2=" ">
         <subfield code="a">0521196825</subfield>
         <subfield code="q">(3 vol. set: hardback)</subfield>
      </datafield>
      <datafield tag="020" ind1=" " ind2=" ">
         <subfield code="a">9781107119758</subfield>
         <subfield code="q">(vol. 1: hardback)</subfield>
      </datafield>
      <datafield tag="020" ind1=" " ind2=" ">
         <subfield code="a">1107119758</subfield>
         <subfield code="q">(vol. 1: hardback)</subfield>
      </datafield>
      <datafield tag="020" ind1=" " ind2=" ">
         <subfield code="a">9781107119819</subfield>
         <subfield code="q">(vol. 2: hardback)</subfield>
      </datafield>
      <datafield tag="020" ind1=" " ind2=" ">
         <subfield code="a">1107119812</subfield>
         <subfield code="q">(vol. 2: hardback)</subfield>
      </datafield>
      <datafield tag="020" ind1=" " ind2=" ">
         <subfield code="a">9781107119826</subfield>
         <subfield code="q">(vol. 3: hardback)</subfield>
      </datafield>
      <datafield tag="020" ind1=" " ind2=" ">
         <subfield code="a">1107119820</subfield>
         <subfield code="q">(vol. 3: hardback)</subfield>
      </datafield>
      <datafield tag="035" ind1=" " ind2=" ">
         <subfield code="a">(OCoLC)907931446</subfield>
         <subfield code="z">(OCoLC)920729260</subfield>
         <subfield code="z">(OCoLC)923793982</subfield>
         <subfield code="z">(OCoLC)959284644</subfield>
      </datafield>
      <datafield tag="040" ind1=" " ind2=" ">
         <subfield code="a">DLC</subfield>
         <subfield code="b">eng</subfield>
         <subfield code="e">rda</subfield>
         <subfield code="c">DLC</subfield>
         <subfield code="d">YDXCP</subfield>
         <subfield code="d">OCLCF</subfield>
         <subfield code="d">BTCTA</subfield>
         <subfield code="d">OCLCO</subfield>
         <subfield code="d">GUB</subfield>
         <subfield code="d">CHVBK</subfield>
         <subfield code="d">EMI</subfield>
         <subfield code="d">ZYU</subfield>
      </datafield>
      <datafield tag="041" ind1="1" ind2=" ">
         <subfield code="a">eng</subfield>
         <subfield code="a">lat</subfield>
         <subfield code="a">grc</subfield>
         <subfield code="h">lat</subfield>
         <subfield code="h">grc</subfield>
      </datafield>
      <datafield tag="042" ind1=" " ind2=" ">
         <subfield code="a">pcc</subfield>
      </datafield>
      <datafield tag="043" ind1=" " ind2=" ">
         <subfield code="a">e------</subfield>
         <subfield code="a">ff-----</subfield>
         <subfield code="a">aw-----</subfield>
      </datafield>
      <datafield tag="050" ind1="0" ind2="0">
         <subfield code="a">KJA1192.2</subfield>
         <subfield code="b">2016</subfield>
      </datafield>
      <datafield tag="079" ind1=" " ind2=" ">
         <subfield code="a">(OCoLC)907931446</subfield>
      </datafield>
      <datafield tag="082" ind1="0" ind2="0">
         <subfield code="a">340.5/4</subfield>
         <subfield code="2">23</subfield>
      </datafield>
      <datafield tag="130" ind1="0" ind2=" ">
         <subfield code="a">Codex (Corpus juris civilis).</subfield>
         <subfield code="l">English.</subfield>
      </datafield>
      <datafield tag="245" ind1="1" ind2="4">
         <subfield code="a">The Codex of Justinian :</subfield>
         <subfield code="b">a new annotated translation, with parallel Latin and Greek text based on a translation by Justice Fred H. Blume /</subfield>
         <subfield code="c">Bruce W. Frier, General Editor ; Editors: Serena Connolly, Simon Corcoran, Michael Crawford, John Noël Dillon, Dennis P. Kehoe, Noel Lenski, Thomas A. J. McGinn, Charles F. Pazdernik, Benet Salway; with contributions by Timothy Kearley.</subfield>
      </datafield>
      <datafield tag="264" ind1=" " ind2="1">
         <subfield code="a">Cambridge, United Kingdom :</subfield>
         <subfield code="b">Cambridge University Press,</subfield>
         <subfield code="c">2016.</subfield>
      </datafield>
      <datafield tag="300" ind1=" " ind2=" ">
         <subfield code="a">3 volumes :</subfield>
         <subfield code="b">illustrations ;</subfield>
         <subfield code="c">24 cm</subfield>
      </datafield>
      <datafield tag="336" ind1=" " ind2=" ">
         <subfield code="a">text</subfield>
         <subfield code="b">txt</subfield>
         <subfield code="2">rdacontent</subfield>
      </datafield>
      <datafield tag="337" ind1=" " ind2=" ">
         <subfield code="a">unmediated</subfield>
         <subfield code="b">n</subfield>
         <subfield code="2">rdamedia</subfield>
      </datafield>
      <datafield tag="338" ind1=" " ind2=" ">
         <subfield code="a">volume</subfield>
         <subfield code="b">nc</subfield>
         <subfield code="2">rdacarrier</subfield>
      </datafield>
      <datafield tag="504" ind1=" " ind2=" ">
         <subfield code="a">Includes bibliographical references (pages clxv-clxxxi).</subfield>
      </datafield>
      <datafield tag="505" ind1="0" ind2=" ">
         <subfield code="a">Vol. 1. Introductory matter and Books I-III -- Vol. 2. Books IV-VII -- Vol. 3. Books VIII-XII.</subfield>
      </datafield>
      <datafield tag="505" ind1="0" ind2="0">
         <subfield code="g">Volume 1.</subfield>
         <subfield code="t">Index titulorum codicis iustiniani --</subfield>
         <subfield code="t">List of titles in the Ccodex of Jjustinian --</subfield>
         <subfield code="t">Justice Fred H. Blume and the translation of Justinian's Codex /</subfield>
         <subfield code="r">Timothy Kearley --</subfield>
         <subfield code="t">Revising Justice Blume's translation of Justinian's Codex and note on the dating of constitutions /</subfield>
         <subfield code="r">Bruce W. Frier and Noel Lenski --</subfield>
         <subfield code="t">The Codex of Justinian : the life of a text through 1500 years /</subfield>
         <subfield code="r">Simon Corcoran --</subfield>
         <subfield code="t">Codex of Justinian: Text and Translation: The introductory constitutions /</subfield>
         <subfield code="r">edited by John Noë̈l Dillon and Bruce W. Frier --</subfield>
         <subfield code="t">First book /</subfield>
         <subfield code="r">edited by John Noë̈l Dillon --</subfield>
         <subfield code="t">Second book /</subfield>
         <subfield code="r">edited by Bruce W. Frier --</subfield>
         <subfield code="t">Third book /</subfield>
         <subfield code="r">edited by Serena Connolly.</subfield>
         <subfield code="g">Volume 2.</subfield>
         <subfield code="t">-- Fourth book /</subfield>
         <subfield code="r">edited by Dennis P. Kehoe --</subfield>
         <subfield code="t">Fifth book /</subfield>
         <subfield code="r">edited by Thomas A. J. McGinn --</subfield>
         <subfield code="t">Sixth book /</subfield>
         <subfield code="r">edited by Simon Corcoran, Michael Crawford, and Benet Salway; and by Bruce W. Frier, Dennis P. Kehoe, and Thomas A.J. McGinn --</subfield>
         <subfield code="t">Seventh book /</subfield>
         <subfield code="r">edited by Noel Lenski.</subfield>
         <subfield code="g">Volume 3.</subfield>
         <subfield code="t">Eighth book /</subfield>
         <subfield code="r">edited by Bruce W. Frier --</subfield>
         <subfield code="t">Ninth book /</subfield>
         <subfield code="r">edited by Thomas A. J. McGinn --</subfield>
         <subfield code="t">Tenth book /</subfield>
         <subfield code="r">edited by Dennis P. Kehoe --</subfield>
         <subfield code="t">Eleventh book /</subfield>
         <subfield code="r">edited by Dennis P. Kehoe --</subfield>
         <subfield code="t">Twelfth book /</subfield>
         <subfield code="r">edited by Charles F. Pazdernik --</subfield>
         <subfield code="t">Glossary of Roman law terms --</subfield>
         <subfield code="t">Chronological list of the constitutions in Justinian's Codex.</subfield>
      </datafield>
      <datafield tag="520" ind1=" " ind2=" ">
         <subfield code="a">"The Codex of Justinian is, together with the Digest, the core of the great Byzantine compilation of Roman law called the Corpus Iuris Civilis. The Codex gathers legal proclamations issued by Roman Emperors from the second to the sixth centuries C.E. Its influence on subsequent legal development in the medieval and early modern world has been almost incalculable. But the Codex has not, until now, been credibly translated into English. This translation, with a facing Latin and Greek text (from Paul Kruger's ninth edition of the Codex), is based on one made by Justice Fred Blume in the 1920s, but left unpublished for almost a century. It is accompanied by introductions explaining the background of the translation, a bibliography and glossary, and notes that help in understanding the text. Anyone with an interest in the Codex, whether an interested novice or a professional historian, will find ample assistance here"--</subfield>
         <subfield code="c">Provided by publisher.</subfield>
      </datafield>
      <datafield tag="546" ind1=" " ind2=" ">
         <subfield code="a">In English. Text of Codex is in original Latin or Greek with English translation on facing pages.</subfield>
      </datafield>
      <datafield tag="630" ind1="0" ind2="0">
         <subfield code="a">Codex (Corpus juris civilis)</subfield>
      </datafield>
      <datafield tag="650" ind1=" " ind2="0">
         <subfield code="a">Roman law</subfield>
         <subfield code="v">Sources.</subfield>
      </datafield>
      <datafield tag="630" ind1="0" ind2="7">
         <subfield code="a">Codex (Corpus juris civilis)</subfield>
         <subfield code="2">fast</subfield>
         <subfield code="0">(OCoLC)fst01359306</subfield>
      </datafield>
      <datafield tag="650" ind1=" " ind2="7">
         <subfield code="a">Roman law.</subfield>
         <subfield code="2">fast</subfield>
         <subfield code="0">(OCoLC)fst01099759</subfield>
      </datafield>
      <datafield tag="655" ind1=" " ind2="7">
         <subfield code="a">Sources.</subfield>
         <subfield code="2">fast</subfield>
         <subfield code="0">(OCoLC)fst01423900</subfield>
      </datafield>
      <datafield tag="700" ind1="1" ind2=" ">
         <subfield code="a">Blume, Fred H.,</subfield>
         <subfield code="d">1875-1971,</subfield>
         <subfield code="e">translator.</subfield>
      </datafield>
      <datafield tag="700" ind1="1" ind2=" ">
         <subfield code="a">Frier, Bruce W.,</subfield>
         <subfield code="d">1943-</subfield>
         <subfield code="e">editor,</subfield>
         <subfield code="e">author of introduction, etc.</subfield>
      </datafield>
      <datafield tag="700" ind1="1" ind2=" ">
         <subfield code="a">Connolly, Serena,</subfield>
         <subfield code="e">editor.</subfield>
      </datafield>
      <datafield tag="700" ind1="1" ind2=" ">
         <subfield code="a">Corcoran, Simon,</subfield>
         <subfield code="e">editor,</subfield>
         <subfield code="e">author of introduction, etc.</subfield>
      </datafield>
      <datafield tag="700" ind1="1" ind2=" ">
         <subfield code="a">Crawford, Michael H.</subfield>
         <subfield code="q">(Michael Hewson),</subfield>
         <subfield code="d">1939-</subfield>
         <subfield code="e">editor.</subfield>
      </datafield>
      <datafield tag="700" ind1="1" ind2=" ">
         <subfield code="a">Dillon, John Noel,</subfield>
         <subfield code="e">editor.</subfield>
      </datafield>
      <datafield tag="700" ind1="1" ind2=" ">
         <subfield code="a">Kehoe, Dennis P.,</subfield>
         <subfield code="e">editor.</subfield>
      </datafield>
      <datafield tag="700" ind1="1" ind2=" ">
         <subfield code="a">Lenski, Noel Emmanuel,</subfield>
         <subfield code="d">1965-</subfield>
         <subfield code="e">editor,</subfield>
         <subfield code="e">author of introduction, etc.</subfield>
      </datafield>
      <datafield tag="700" ind1="1" ind2=" ">
         <subfield code="a">McGinn, Thomas A. J.,</subfield>
         <subfield code="e">editor.</subfield>
      </datafield>
      <datafield tag="700" ind1="1" ind2=" ">
         <subfield code="a">Pazdernik, Charles Frederick,</subfield>
         <subfield code="d">1968-</subfield>
         <subfield code="e">editor.</subfield>
      </datafield>
      <datafield tag="700" ind1="1" ind2=" ">
         <subfield code="a">Salway, Benet,</subfield>
         <subfield code="e">editor.</subfield>
      </datafield>
      <datafield tag="700" ind1="1" ind2=" ">
         <subfield code="a">Kearley, Timothy,</subfield>
         <subfield code="e">author of introduction, etc.</subfield>
      </datafield>
      <datafield tag="OWN" ind1=" " ind2=" ">
         <subfield code="a">GENERAL</subfield>
      </datafield>
      <datafield tag="AVA" ind1=" " ind2=" ">
         <subfield code="a">NYU50</subfield>
         <subfield code="b">NISAW</subfield>
         <subfield code="c">Reference 3 Collection</subfield>
         <subfield code="d">KJA1192.2 2016 Non-circulating</subfield>
         <subfield code="e">available</subfield>
         <subfield code="t">Available</subfield>
         <subfield code="f">3</subfield>
         <subfield code="g">0</subfield>
         <subfield code="h">Y</subfield>
         <subfield code="i">0</subfield>
         <subfield code="j">REF3</subfield>
         <subfield code="k">0</subfield>
      </datafield>
      <marc:datafield tag="852" ind1=" " ind2=" ">
         <marc:subfield code="b">Institute for the Study of the Ancient World, </marc:subfield>
         <marc:subfield code="c">Reference 3 Collection</marc:subfield>
         <marc:subfield code="e">15 East 84th St., </marc:subfield>
         <marc:subfield code="e">New York, NY  10028</marc:subfield>
      </marc:datafield>
   </record>