
  
  
  
  
  
  
  
  
  
 
  
  <record xsi:schemaLocation="http://www.loc.gov/MARC21/slim http://www.loc.gov/standards/marcxml/schema/MARC21slim.xsd">
      <leader>00000cam a2200661   4500</leader>
      <controlfield tag="FMT">BK</controlfield>
      <controlfield tag="LDR">00000cam a2200661   4500</controlfield>
      <controlfield tag="001">002430173</controlfield>
      <controlfield tag="003">OCoLC</controlfield>
      <controlfield tag="005">20161206140151.0</controlfield>
      <controlfield tag="008">730117m19729999enkae    b    001 0 eng</controlfield>
      <datafield tag="010" ind1=" " ind2=" ">
         <subfield code="a">72170238</subfield>
      </datafield>
      <datafield tag="015" ind1=" " ind2=" ">
         <subfield code="a">GB7209268</subfield>
         <subfield code="2">bnb</subfield>
      </datafield>
      <datafield tag="020" ind1=" " ind2=" ">
         <subfield code="a">085431007X</subfield>
         <subfield code="q">(v. 1)</subfield>
      </datafield>
      <datafield tag="020" ind1=" " ind2=" ">
         <subfield code="a">9780854310074</subfield>
         <subfield code="q">(v. 1)</subfield>
      </datafield>
      <datafield tag="020" ind1=" " ind2=" ">
         <subfield code="a">0500990344</subfield>
         <subfield code="q">(v. 2)</subfield>
      </datafield>
      <datafield tag="020" ind1=" " ind2=" ">
         <subfield code="a">9780500990346</subfield>
         <subfield code="q">(v. 2)</subfield>
      </datafield>
      <datafield tag="020" ind1=" " ind2=" ">
         <subfield code="a">0947816011</subfield>
         <subfield code="q">(v. 3)</subfield>
      </datafield>
      <datafield tag="020" ind1=" " ind2=" ">
         <subfield code="a">9780947816018</subfield>
         <subfield code="q">(v. 3)</subfield>
      </datafield>
      <datafield tag="035" ind1=" " ind2=" ">
         <subfield code="a">(OCoLC)636598</subfield>
         <subfield code="z">(OCoLC)874668852</subfield>
         <subfield code="z">(OCoLC)913091631</subfield>
      </datafield>
      <datafield tag="040" ind1=" " ind2=" ">
         <subfield code="a">DLC</subfield>
         <subfield code="b">eng</subfield>
         <subfield code="c">DLC</subfield>
         <subfield code="d">BTCTA</subfield>
         <subfield code="d">CDX</subfield>
         <subfield code="d">EUX</subfield>
         <subfield code="d">DGW</subfield>
         <subfield code="d">OCLCO</subfield>
         <subfield code="d">OCLCQ</subfield>
         <subfield code="d">OCLCF</subfield>
         <subfield code="d">LTU</subfield>
         <subfield code="d">ZYU</subfield>
      </datafield>
      <datafield tag="043" ind1=" " ind2=" ">
         <subfield code="a">e-it---</subfield>
         <subfield code="a">e-uk-en</subfield>
      </datafield>
      <datafield tag="050" ind1="0" ind2="0">
         <subfield code="a">DA690.S13</subfield>
         <subfield code="b">F7</subfield>
      </datafield>
      <datafield tag="079" ind1=" " ind2=" ">
         <subfield code="a">(OCoLC)636598</subfield>
      </datafield>
      <datafield tag="082" ind1="0" ind2="0">
         <subfield code="a">913.362</subfield>
      </datafield>
      <datafield tag="085" ind1=" " ind2=" ">
         <subfield code="a">410002fi0854310002en</subfield>
      </datafield>
      <datafield tag="100" ind1="1" ind2=" ">
         <subfield code="a">Frere, Sheppard,</subfield>
         <subfield code="d">1916-2015.</subfield>
      </datafield>
      <datafield tag="245" ind1="1" ind2="0">
         <subfield code="a">Verulamium excavations /</subfield>
         <subfield code="c">by Sheppard Frere.</subfield>
      </datafield>
      <datafield tag="260" ind1=" " ind2=" ">
         <subfield code="a">London :</subfield>
         <subfield code="b">Society of Antiquaries of London; (Distributed by Thames and Hudson),</subfield>
         <subfield code="c">1972-&lt;1983&gt;</subfield>
      </datafield>
      <datafield tag="260" ind1="3" ind2=" ">
         <subfield code="a">Oxford :</subfield>
         <subfield code="b">Oxford University Committee for Archaeology,</subfield>
         <subfield code="c">&lt;1984-&gt;</subfield>
      </datafield>
      <datafield tag="300" ind1=" " ind2=" ">
         <subfield code="a">volumes &lt;1-3&gt; :</subfield>
         <subfield code="b">illustrations (some color), plans ;</subfield>
         <subfield code="c">28 cm.</subfield>
      </datafield>
      <datafield tag="336" ind1=" " ind2=" ">
         <subfield code="a">text</subfield>
         <subfield code="b">txt</subfield>
         <subfield code="2">rdacontent</subfield>
      </datafield>
      <datafield tag="337" ind1=" " ind2=" ">
         <subfield code="a">unmediated</subfield>
         <subfield code="b">n</subfield>
         <subfield code="2">rdamedia</subfield>
      </datafield>
      <datafield tag="338" ind1=" " ind2=" ">
         <subfield code="a">volume</subfield>
         <subfield code="b">nc</subfield>
         <subfield code="2">rdacarrier</subfield>
      </datafield>
      <datafield tag="490" ind1="1" ind2=" ">
         <subfield code="a">Reports of the Research Committee of the Society of Antiquaries of London,</subfield>
         <subfield code="v">no. 28, 41</subfield>
      </datafield>
      <datafield tag="490" ind1="1" ind2=" ">
         <subfield code="a">Oxford University committee for archaeology monograph ;</subfield>
         <subfield code="v">no. 1</subfield>
      </datafield>
      <datafield tag="504" ind1=" " ind2=" ">
         <subfield code="a">Includes bibliographical references (v. 1, pages xiii-xiv).</subfield>
      </datafield>
      <datafield tag="500" ind1=" " ind2=" ">
         <subfield code="a">Includes indexes.</subfield>
      </datafield>
      <datafield tag="505" ind1="0" ind2="0">
         <subfield code="g">v. 1.</subfield>
         <subfield code="g">pt. 1.</subfield>
         <subfield code="t">Insula XIV --</subfield>
         <subfield code="g">pt. 2.</subfield>
         <subfield code="t">The finds:</subfield>
         <subfield code="g">1.</subfield>
         <subfield code="t">Non-ferrous objects /</subfield>
         <subfield code="r">H. Waugh, R. Goodburn.</subfield>
         <subfield code="g">2.</subfield>
         <subfield code="t">Iron objects /</subfield>
         <subfield code="r">W.H. Manning.</subfield>
         <subfield code="g">3.</subfield>
         <subfield code="t">Glass /</subfield>
         <subfield code="r">Dorothy Charlesworth.</subfield>
         <subfield code="g">4.</subfield>
         <subfield code="t">Decorated samian and samian potters' stamps /</subfield>
         <subfield code="r">B.r. Hartley.</subfield>
         <subfield code="g">5.</subfield>
         <subfield code="t">Other pottery /</subfield>
         <subfield code="r">M.G. Wilson.</subfield>
         <subfield code="g">6.</subfield>
         <subfield code="t">Mortarium stamps /</subfield>
         <subfield code="r">K.f. Hartley.</subfield>
         <subfield code="g">7.</subfield>
         <subfield code="t">Report on samples of deposits /</subfield>
         <subfield code="r">I.W. Cornwall --</subfield>
         <subfield code="g">v. 2.</subfield>
         <subfield code="t">Status of Verulamium --</subfield>
         <subfield code="t">Property divisions --</subfield>
         <subfield code="t">Belgic mint --</subfield>
         <subfield code="t">Defenses --</subfield>
         <subfield code="t">Insula XII; the forum --</subfield>
         <subfield code="t">Insula XV: the theatre --</subfield>
         <subfield code="t">Northern monumental arch --</subfield>
         <subfield code="t">Insula XIV --</subfield>
         <subfield code="t">Insula XVII --</subfield>
         <subfield code="t">Insula XVIII --</subfield>
         <subfield code="t">Insula XIX --</subfield>
         <subfield code="t">Insula XX --</subfield>
         <subfield code="t">Insula XXI --</subfield>
         <subfield code="t">Insula XXII --</subfield>
         <subfield code="t">Insula XXVI --</subfield>
         <subfield code="t">Insula XXVII --</subfield>
         <subfield code="t">Insula XXVIII --</subfield>
         <subfield code="t">Extramural site 1956 R --</subfield>
         <subfield code="t">Extramural site S --</subfield>
         <subfield code="t">Pottery used for dating /</subfield>
         <subfield code="r">M.G. Wilson.</subfield>
         <subfield code="g">v. 3.</subfield>
         <subfield code="g">1.</subfield>
         <subfield code="t">Coins /</subfield>
         <subfield code="r">Richard Reece --</subfield>
         <subfield code="g">2.</subfield>
         <subfield code="t">Non-ferrous metal objects /</subfield>
         <subfield code="r">R. Goodburn with supplements by F. Grew, D.M. Wilson --</subfield>
         <subfield code="g">3.</subfield>
         <subfield code="t">Objects of bone /</subfield>
         <subfield code="r">Goodburn, F. Grew --</subfield>
         <subfield code="g">4.</subfield>
         <subfield code="t">Objects of stone /</subfield>
         <subfield code="r">Goodburn, F. Grew --</subfield>
         <subfield code="g">5.</subfield>
         <subfield code="t">Objects of iron /</subfield>
         <subfield code="r">W.H. Manning --</subfield>
         <subfield code="g">6.</subfield>
         <subfield code="t">Miscellaneous objects of clay /</subfield>
         <subfield code="r">R. Goodburn, F. Grew --</subfield>
         <subfield code="g">7.</subfield>
         <subfield code="t">Relief-patterned flue-tiles /</subfield>
         <subfield code="r">M.G. Wilson --</subfield>
         <subfield code="g">8. Painted wall-plaster /</subfield>
         <subfield code="r">Joan Liversidge --</subfield>
         <subfield code="g">9.</subfield>
         <subfield code="t">Intaglios /</subfield>
         <subfield code="r">Martin Henig --</subfield>
         <subfield code="g">10.</subfield>
         <subfield code="t">Glass /</subfield>
         <subfield code="r">Dorothy Charlesworth --</subfield>
         <subfield code="g">11.</subfield>
         <subfield code="t">Samian ware --</subfield>
         <subfield code="g">12.</subfield>
         <subfield code="t">Other pottery /</subfield>
         <subfield code="r">M.G. Wilson --</subfield>
         <subfield code="g">12.</subfield>
         <subfield code="t">Graffiti on pottery --</subfield>
         <subfield code="g">14.</subfield>
         <subfield code="t">Amphora stamps --</subfield>
         <subfield code="g">15.</subfield>
         <subfield code="t">Mortariu stamps /</subfield>
         <subfield code="r">K.F. Hartley --</subfield>
         <subfield code="g">16.</subfield>
         <subfield code="t">Mortaria from Verulamium: a summary /</subfield>
         <subfield code="r">K.F. Hartley --</subfield>
         <subfield code="g">17.</subfield>
         <subfield code="t">Animal bones /</subfield>
         <subfield code="r">B.J. Marples, Bob Wilson --</subfield>
         <subfield code="g">18.</subfield>
         <subfield code="t">Note on a deposit of bones in Insula XVII /</subfield>
      </datafield>
      <datafield tag="508" ind1=" " ind2=" ">
         <subfield code="a">Vol. 2 / by Sheppard Frere with a section by M.G. Wilson.</subfield>
      </datafield>
      <datafield tag="651" ind1=" " ind2="0">
         <subfield code="a">St. Albans (England)</subfield>
         <subfield code="x">Antiquities, Roman.</subfield>
      </datafield>
      <datafield tag="651" ind1=" " ind2="0">
         <subfield code="a">England</subfield>
         <subfield code="x">Antiquities, Roman.</subfield>
      </datafield>
      <datafield tag="650" ind1=" " ind2="0">
         <subfield code="a">Romans</subfield>
         <subfield code="z">England</subfield>
         <subfield code="z">St. Albans.</subfield>
      </datafield>
      <datafield tag="650" ind1=" " ind2="0">
         <subfield code="a">Excavations (Archaeology)</subfield>
         <subfield code="z">England</subfield>
         <subfield code="z">St. Albans.</subfield>
      </datafield>
      <datafield tag="650" ind1=" " ind2="7">
         <subfield code="a">Classical antiquities.</subfield>
         <subfield code="2">fast</subfield>
         <subfield code="0">(OCoLC)fst00863445</subfield>
      </datafield>
      <datafield tag="650" ind1=" " ind2="7">
         <subfield code="a">Excavations (Archaeology)</subfield>
         <subfield code="2">fast</subfield>
         <subfield code="0">(OCoLC)fst00917564</subfield>
      </datafield>
      <datafield tag="650" ind1=" " ind2="7">
         <subfield code="a">Romans.</subfield>
         <subfield code="2">fast</subfield>
         <subfield code="0">(OCoLC)fst01100116</subfield>
      </datafield>
      <datafield tag="651" ind1=" " ind2="7">
         <subfield code="a">England.</subfield>
         <subfield code="2">fast</subfield>
         <subfield code="0">(OCoLC)fst01219920</subfield>
      </datafield>
      <datafield tag="651" ind1=" " ind2="7">
         <subfield code="a">England</subfield>
         <subfield code="z">St. Albans.</subfield>
         <subfield code="2">fast</subfield>
         <subfield code="0">(OCoLC)fst01202819</subfield>
      </datafield>
      <datafield tag="651" ind1=" " ind2="7">
         <subfield code="a">St. Albans (Hertfordshire)</subfield>
         <subfield code="2">uole</subfield>
      </datafield>
      <datafield tag="651" ind1=" " ind2="7">
         <subfield code="a">Hertfordshire - St. Albans.</subfield>
         <subfield code="2">uole</subfield>
      </datafield>
      <datafield tag="651" ind1=" " ind2="7">
         <subfield code="a">Verulamium.</subfield>
         <subfield code="2">pleiades</subfield>
         <subfield code="0">https://pleiades.stoa.org/places/79739</subfield>
         <subfield code="5">NyNyUAW</subfield>
      </datafield>
      <datafield tag="776" ind1="0" ind2="8">
         <subfield code="i">Online version:</subfield>
         <subfield code="a">Frere, Sheppard Sunderland.</subfield>
         <subfield code="t">Verulamium excavations.</subfield>
         <subfield code="d">London, Society of Antiquaries of London; (Distributed by Thames and Hudson), 1972-&lt;1983&gt;</subfield>
         <subfield code="w">(OCoLC)562020684</subfield>
      </datafield>
      <datafield tag="830" ind1=" " ind2="0">
         <subfield code="a">Reports of the Research Committee of the Society of Antiquaries of London ;</subfield>
         <subfield code="v">no. 28, etc.</subfield>
      </datafield>
      <datafield tag="830" ind1=" " ind2="0">
         <subfield code="a">Monograph (University of Oxford. Committee for Archaeology) ;</subfield>
         <subfield code="v">no. 1.</subfield>
      </datafield>
      <datafield tag="OWN" ind1=" " ind2=" ">
         <subfield code="a">GENERAL</subfield>
      </datafield>
      <datafield tag="AVA" ind1=" " ind2=" ">
         <subfield code="a">NYU50</subfield>
         <subfield code="b">BOBST</subfield>
         <subfield code="c">Main Collection</subfield>
         <subfield code="d">DA690.S13 F7</subfield>
         <subfield code="e">unavailable</subfield>
         <subfield code="t">Unavailable</subfield>
         <subfield code="f">1</subfield>
         <subfield code="g">1</subfield>
         <subfield code="h">Y</subfield>
         <subfield code="i">0</subfield>
         <subfield code="j">MAIN</subfield>
         <subfield code="k">0</subfield>
      </datafield>
      <datafield tag="AVA" ind1=" " ind2=" ">
         <subfield code="a">NYU50</subfield>
         <subfield code="b">NISAW</subfield>
         <subfield code="c">Large Collection</subfield>
         <subfield code="d">DA690.S13 F7 1972 Non-circulating</subfield>
         <subfield code="e">available</subfield>
         <subfield code="t">Available</subfield>
         <subfield code="f">3</subfield>
         <subfield code="g">0</subfield>
         <subfield code="h">Y</subfield>
         <subfield code="i">0</subfield>
         <subfield code="j">LARGE</subfield>
         <subfield code="k">0</subfield>
      </datafield>
      <marc:datafield tag="852" ind1=" " ind2=" ">
         <marc:subfield code="b">Institute for the Study of the Ancient World, </marc:subfield>
         <marc:subfield code="c">Large Collection</marc:subfield>
         <marc:subfield code="e">15 East 84th St., </marc:subfield>
         <marc:subfield code="e">New York, NY  10028</marc:subfield>
      </marc:datafield>
   </record>