
  
  
  
  
  
  
  
 
  
  <record xsi:schemaLocation="http://www.loc.gov/MARC21/slim http://www.loc.gov/standards/marcxml/schema/MARC21slim.xsd">
      <leader>00000cam a22      a 4500</leader>
      <controlfield tag="FMT">BK</controlfield>
      <controlfield tag="LDR">00000cam a22      a 4500</controlfield>
      <controlfield tag="001">004502292</controlfield>
      <controlfield tag="005">20161107152728.0</controlfield>
      <controlfield tag="008">161107s2011    miu      bd   000 0 eng</controlfield>
      <datafield tag="010" ind1=" " ind2=" ">
         <subfield code="a">  2010053411</subfield>
      </datafield>
      <datafield tag="020" ind1=" " ind2=" ">
         <subfield code="a">9780310493914</subfield>
         <subfield code="q">(pbk.)</subfield>
      </datafield>
      <datafield tag="020" ind1=" " ind2=" ">
         <subfield code="a">0310493919</subfield>
         <subfield code="q">(pbk.)</subfield>
      </datafield>
      <datafield tag="035" ind1=" " ind2=" ">
         <subfield code="a">(OCoLC)694238186</subfield>
      </datafield>
      <datafield tag="040" ind1=" " ind2=" ">
         <subfield code="a">DLC</subfield>
         <subfield code="b">eng</subfield>
         <subfield code="c">DLC</subfield>
         <subfield code="d">IG#</subfield>
         <subfield code="d">MRT</subfield>
         <subfield code="d">DTM</subfield>
         <subfield code="d">VP@</subfield>
         <subfield code="d">SGB</subfield>
         <subfield code="d">YDXCP</subfield>
         <subfield code="d">XPQ</subfield>
         <subfield code="d">BWX</subfield>
         <subfield code="d">OBE</subfield>
         <subfield code="d">OCLCA</subfield>
         <subfield code="d">OCLCQ</subfield>
         <subfield code="d">OCLCO</subfield>
         <subfield code="d">CHVBK</subfield>
         <subfield code="d">OCLCA</subfield>
         <subfield code="d">OCLCQ</subfield>
      </datafield>
      <datafield tag="050" ind1="0" ind2="0">
         <subfield code="a">PJ5213</subfield>
         <subfield code="b">.V36 2011</subfield>
      </datafield>
      <datafield tag="079" ind1=" " ind2=" ">
         <subfield code="a">(OCoLC)694238186</subfield>
      </datafield>
      <datafield tag="082" ind1="0" ind2="0">
         <subfield code="a">492/.29</subfield>
         <subfield code="2">22</subfield>
      </datafield>
      <datafield tag="100" ind1="1" ind2=" ">
         <subfield code="a">Van Pelt, Miles V.,</subfield>
         <subfield code="d">1969-</subfield>
      </datafield>
      <datafield tag="245" ind1="1" ind2="0">
         <subfield code="a">Basics of Biblical Aramaic :</subfield>
         <subfield code="b">complete grammar, lexicon, and annotated text /</subfield>
         <subfield code="c">Miles V. Van Pelt.</subfield>
      </datafield>
      <datafield tag="260" ind1=" " ind2=" ">
         <subfield code="a">Grand Rapids, Mich. :</subfield>
         <subfield code="b">Zondervan,</subfield>
         <subfield code="c">©2011.</subfield>
      </datafield>
      <datafield tag="300" ind1=" " ind2=" ">
         <subfield code="a">xiii, 235 pages ;</subfield>
         <subfield code="c">28 cm</subfield>
      </datafield>
      <datafield tag="336" ind1=" " ind2=" ">
         <subfield code="a">text</subfield>
         <subfield code="b">txt</subfield>
         <subfield code="2">rdacontent</subfield>
      </datafield>
      <datafield tag="337" ind1=" " ind2=" ">
         <subfield code="a">unmediated</subfield>
         <subfield code="b">n</subfield>
         <subfield code="2">rdamedia</subfield>
      </datafield>
      <datafield tag="338" ind1=" " ind2=" ">
         <subfield code="a">volume</subfield>
         <subfield code="b">nc</subfield>
         <subfield code="2">rdacarrier</subfield>
      </datafield>
      <datafield tag="505" ind1="0" ind2=" ">
         <subfield code="a">Aramaic phonological system -- Aramaic nominal state -- Aramaic verbal system : peal -- Aramaic verbal system : derived stems -- Charts and paradigms -- Annotated Biblical Aramaic text -- Aramaic-English lexicon.</subfield>
      </datafield>
      <datafield tag="504" ind1=" " ind2=" ">
         <subfield code="a">Includes bibliographical references.</subfield>
      </datafield>
      <datafield tag="520" ind1="8" ind2=" ">
         <subfield code="a">"Often neglected as a biblical language, Aramaic appears in the Old Testament books of Genesis, Jeremiah, Daniel, and Ezra. And its corpus of material is actually larger than several books of the Old Testament put together. Basics of Biblical Aramaic follows the same easy-to-understand style found in the widely-used Basics of Biblical Hebrew and includes everything you need to learn biblical Aramaic. This book is designed for those who already have a working knowledge of biblical Hebrew: complete Aramaic-English lexicon with definitions derived from HALOT; complete biblical Aramaic text with annotation, which reinforces the material in the grammar, helps readers with textual difficulties, and introduces students to helpful secondary resources; chapter exercises, all from the biblical text, provide opportunities for students to practice and reinforce each chapter's material; an answer key for all exercises is available at TextbookPlus. Zondervan.com; helpful charts and statistics"--Page 4 of cover.</subfield>
      </datafield>
      <datafield tag="650" ind1=" " ind2="0">
         <subfield code="a">Aramaic language</subfield>
         <subfield code="x">Grammar.</subfield>
      </datafield>
      <datafield tag="650" ind1=" " ind2="0">
         <subfield code="a">Aramaic language</subfield>
         <subfield code="x">Dictionaries.</subfield>
      </datafield>
      <datafield tag="630" ind1="0" ind2="0">
         <subfield code="a">Bible.</subfield>
         <subfield code="p">Old Testament</subfield>
         <subfield code="x">Language, style.</subfield>
      </datafield>
      <datafield tag="630" ind1="0" ind2="7">
         <subfield code="a">Bibel.</subfield>
         <subfield code="2">idszbz</subfield>
      </datafield>
      <datafield tag="650" ind1=" " ind2="7">
         <subfield code="a">Aramäisch.</subfield>
         <subfield code="2">idszbz</subfield>
      </datafield>
      <datafield tag="650" ind1=" " ind2="7">
         <subfield code="a">Grammatik.</subfield>
         <subfield code="2">idszbz</subfield>
      </datafield>
      <datafield tag="OWN" ind1=" " ind2=" ">
         <subfield code="a">GENERAL</subfield>
      </datafield>
      <datafield tag="AVA" ind1=" " ind2=" ">
         <subfield code="a">NYU50</subfield>
         <subfield code="b">NISAW</subfield>
         <subfield code="c">Reference 4 Collection</subfield>
         <subfield code="d">PJ5213 .V36 2011 Non-circulating</subfield>
         <subfield code="e">available</subfield>
         <subfield code="t">Available</subfield>
         <subfield code="f">1</subfield>
         <subfield code="g">0</subfield>
         <subfield code="h">N</subfield>
         <subfield code="i">0</subfield>
         <subfield code="j">REF4</subfield>
         <subfield code="k">0</subfield>
      </datafield>
      <marc:datafield tag="852" ind1=" " ind2=" ">
         <marc:subfield code="b">Institute for the Study of the Ancient World, </marc:subfield>
         <marc:subfield code="c">Reference 4 Collection</marc:subfield>
         <marc:subfield code="e">15 East 84th St., </marc:subfield>
         <marc:subfield code="e">New York, NY  10028</marc:subfield>
      </marc:datafield>
   </record>