
  
  
  
  
  
  
  
  
 
  
  <record xsi:schemaLocation="http://www.loc.gov/MARC21/slim http://www.loc.gov/standards/marcxml/schema/MARC21slim.xsd">
      <leader>00000cam a2200541Ii 4500</leader>
      <controlfield tag="FMT">BK</controlfield>
      <controlfield tag="LDR">00000cam a2200541Ii 4500</controlfield>
      <controlfield tag="001">004503746</controlfield>
      <controlfield tag="003">OCoLC</controlfield>
      <controlfield tag="005">20170110114453.0</controlfield>
      <controlfield tag="008">151009s2015    fr abe   b    100 0dfre d</controlfield>
      <datafield tag="020" ind1=" " ind2=" ">
         <subfield code="a">9782356680495</subfield>
      </datafield>
      <datafield tag="020" ind1=" " ind2=" ">
         <subfield code="a">2356680497</subfield>
      </datafield>
      <datafield tag="035" ind1=" " ind2=" ">
         <subfield code="a">(OCoLC)924010696</subfield>
      </datafield>
      <datafield tag="040" ind1=" " ind2=" ">
         <subfield code="a">ERASP</subfield>
         <subfield code="b">eng</subfield>
         <subfield code="e">rda</subfield>
         <subfield code="c">ERASP</subfield>
         <subfield code="d">OCLCO</subfield>
         <subfield code="d">CUD</subfield>
         <subfield code="d">JPG</subfield>
         <subfield code="d">OCLCF</subfield>
         <subfield code="d">CUY</subfield>
         <subfield code="d">OCLCO</subfield>
         <subfield code="d">ZYU</subfield>
      </datafield>
      <datafield tag="041" ind1="0" ind2=" ">
         <subfield code="a">fre</subfield>
         <subfield code="a">eng</subfield>
      </datafield>
      <datafield tag="043" ind1=" " ind2=" ">
         <subfield code="a">a-tu---</subfield>
      </datafield>
      <datafield tag="050" ind1=" " ind2="4">
         <subfield code="a">DS156.Z48</subfield>
         <subfield code="b">Z48x 2015</subfield>
      </datafield>
      <datafield tag="079" ind1=" " ind2=" ">
         <subfield code="a">(OCoLC)924010696</subfield>
      </datafield>
      <datafield tag="082" ind1="0" ind2="4">
         <subfield code="a">938</subfield>
      </datafield>
      <datafield tag="245" ind1="0" ind2="0">
         <subfield code="a">Zeugma.</subfield>
         <subfield code="n">VI,</subfield>
         <subfield code="p">La Syrie romaine, permanences et transferts culturels /</subfield>
         <subfield code="c">édité par Catherine Abadie-Reynal et Jean-Baptiste Yon.</subfield>
      </datafield>
      <datafield tag="246" ind1="3" ind2="0">
         <subfield code="a">Syrie romaine, permanences et transferts culturels</subfield>
      </datafield>
      <datafield tag="264" ind1=" " ind2="1">
         <subfield code="a">Lyon :</subfield>
         <subfield code="b">Maison de l'Orient et de la Méditerranée-Jean Pouilloux,</subfield>
         <subfield code="c">[2015]</subfield>
      </datafield>
      <datafield tag="300" ind1=" " ind2=" ">
         <subfield code="a">301 pages :</subfield>
         <subfield code="b">illustrations (some color), maps (some color), plans ;</subfield>
         <subfield code="c">30 cm.</subfield>
      </datafield>
      <datafield tag="336" ind1=" " ind2=" ">
         <subfield code="a">text</subfield>
         <subfield code="b">txt</subfield>
         <subfield code="2">rdacontent</subfield>
      </datafield>
      <datafield tag="337" ind1=" " ind2=" ">
         <subfield code="a">unmediated</subfield>
         <subfield code="b">n</subfield>
         <subfield code="2">rdamedia</subfield>
      </datafield>
      <datafield tag="338" ind1=" " ind2=" ">
         <subfield code="a">volume</subfield>
         <subfield code="b">nc</subfield>
         <subfield code="2">rdacarrier</subfield>
      </datafield>
      <datafield tag="490" ind1="1" ind2=" ">
         <subfield code="a">Travaux de la Maison de l'Orient et de la Méditerranée,</subfield>
         <subfield code="x">2259-4884 ;</subfield>
         <subfield code="v">no 68.</subfield>
         <subfield code="a">Série "Recherches archéologiques"</subfield>
      </datafield>
      <datafield tag="504" ind1=" " ind2=" ">
         <subfield code="a">Includes bibliographical references.</subfield>
      </datafield>
      <datafield tag="500" ind1=" " ind2=" ">
         <subfield code="a">Contributions to a conference "Échanges culturels et identités en Syrie romaine : le paraître et l'intime", held in Lyon, Maison de l'Orient et de la Méditerranée, May 4-5, 2012.</subfield>
      </datafield>
      <datafield tag="505" ind1="0" ind2="0">
         <subfield code="t">Présentation /</subfield>
         <subfield code="r">Catherine Abadie-Reynal et Jean-Baptiste Yon --</subfield>
         <subfield code="t">L'onomastique en Syrie orientale et en Mésopotamie à l'époque romaine /</subfield>
         <subfield code="r">Jean-Baptiste Yon --</subfield>
         <subfield code="t">Échanges et courants de circulation monétaire en Syrie du Nord /</subfield>
         <subfield code="r">Daniel Frascone --</subfield>
         <subfield code="t">Rites et identité religieuse en Syrie romaine /</subfield>
         <subfield code="r">Amélie Le Bihan --</subfield>
         <subfield code="t">La formation d'une identité architecurale dan les villes et les villages du Jawlān romain : un cas d'échanges techniques et artistiques /</subfield>
         <subfield code="r">Taisir al-Halabi --</subfield>
         <subfield code="t">L'architecture balnéaire dans la province romaine de Syrie : quelques cas d'étude /</subfield>
         <subfield code="r">Michaël Vannesse --</subfield>
         <subfield code="t">Settlement Patterns and Road Network in Upper Mesopotamia during the Roman Period /</subfield>
         <subfield code="r">Rocco Palermo --</subfield>
         <subfield code="t">Les forgerons de Zeugma : des savoir-faire originaux? /</subfield>
         <subfield code="r">Nadine Dieudonné-Glad --</subfield>
         <subfield code="t">Morphologie et signification des triclinia dans les maisons de Syrie du Nord /</subfield>
         <subfield code="r">Anne-Sophie Martz --</subfield>
         <subfield code="t">Banquet romain, banquet araméen : l'apport des textes syriaques pour une étude comparée des pratiques de réception en Syrie romaine /</subfield>
         <subfield code="r">Claire Fauchon --</subfield>
         <subfield code="t">La cuisine en Syrie du Nord romaine : premier bilan des données de Zeugma /</subfield>
         <subfield code="r">Catherine Abadie-Reynal --</subfield>
         <subfield code="t">La verrerie romaine de Syrie du Nord /</subfield>
         <subfield code="r">Odile Dussart --</subfield>
         <subfield code="t">Conclusions /</subfield>
         <subfield code="r">Catherine Abadie-Reynal.</subfield>
      </datafield>
      <datafield tag="520" ind1="8" ind2=" ">
         <subfield code="a">Cet ouvrage collectif rassemble des contributions qui clôturaient un programme financé par l'Agence Nationale de la Recherche et intitulé "Communication et échanges culturels dans la Syrie du Nord romaine." Un de ses principaux objets d'étude était les résultats des fouilles menées depuis 1995 à Séleucie de l'Euphrate -- Zeugma, en les replaçant dans leur contexte régional. En exploitant les données apportées par les travaux récents, ont été abordés les problèmes des échanges culturels et de la communication entre les populations syriennes et le conquérant romain.</subfield>
      </datafield>
      <datafield tag="546" ind1=" " ind2=" ">
         <subfield code="a">Most contributions in French; 1 contribution in English.</subfield>
      </datafield>
      <datafield tag="650" ind1=" " ind2="0">
         <subfield code="a">Material culture</subfield>
         <subfield code="z">Turkey</subfield>
         <subfield code="z">Zeugma (Extinct city)</subfield>
      </datafield>
      <datafield tag="651" ind1=" " ind2="0">
         <subfield code="a">Zeugma (Extinct city)</subfield>
         <subfield code="v">Congresses.</subfield>
      </datafield>
      <datafield tag="650" ind1=" " ind2="0">
         <subfield code="a">Excavations (Archaeology)</subfield>
         <subfield code="z">Turkey</subfield>
         <subfield code="z">Zeugma (Extinct city)</subfield>
         <subfield code="v">Congresses.</subfield>
      </datafield>
      <datafield tag="651" ind1=" " ind2="0">
         <subfield code="a">Turkey</subfield>
         <subfield code="x">Antiquities, Roman</subfield>
         <subfield code="v">Congresses.</subfield>
      </datafield>
      <datafield tag="651" ind1=" " ind2="7">
         <subfield code="a">Zeugma.</subfield>
         <subfield code="2">pleiades</subfield>
         <subfield code="0">https://pleiades.stoa.org/places/658636</subfield>
         <subfield code="5">NyNyUAW</subfield>
      </datafield>
      <datafield tag="650" ind1=" " ind2="7">
         <subfield code="a">Classical antiquities.</subfield>
         <subfield code="2">fast</subfield>
         <subfield code="0">(OCoLC)fst00863445</subfield>
      </datafield>
      <datafield tag="650" ind1=" " ind2="7">
         <subfield code="a">Excavations (Archaeology)</subfield>
         <subfield code="2">fast</subfield>
         <subfield code="0">(OCoLC)fst00917564</subfield>
      </datafield>
      <datafield tag="650" ind1=" " ind2="7">
         <subfield code="a">Material culture.</subfield>
         <subfield code="2">fast</subfield>
         <subfield code="0">(OCoLC)fst01011739</subfield>
      </datafield>
      <datafield tag="651" ind1=" " ind2="7">
         <subfield code="a">Turkey.</subfield>
         <subfield code="2">fast</subfield>
         <subfield code="0">(OCoLC)fst01208963</subfield>
      </datafield>
      <datafield tag="651" ind1=" " ind2="7">
         <subfield code="a">Turkey</subfield>
         <subfield code="z">Zeugma (Extinct city)</subfield>
         <subfield code="2">fast</subfield>
         <subfield code="0">(OCoLC)fst01897197</subfield>
      </datafield>
      <datafield tag="655" ind1=" " ind2="7">
         <subfield code="a">Conference papers and proceedings.</subfield>
         <subfield code="2">fast</subfield>
         <subfield code="0">(OCoLC)fst01423772</subfield>
      </datafield>
      <datafield tag="700" ind1="1" ind2=" ">
         <subfield code="a">Abadie-Reynal, Catherine,</subfield>
         <subfield code="e">editor.</subfield>
      </datafield>
      <datafield tag="700" ind1="1" ind2=" ">
         <subfield code="a">Yon, Jean-Baptiste,</subfield>
         <subfield code="e">editor.</subfield>
      </datafield>
      <datafield tag="830" ind1=" " ind2="0">
         <subfield code="a">Travaux de la Maison de l'Orient ;</subfield>
         <subfield code="v">no 68.</subfield>
      </datafield>
      <datafield tag="OWN" ind1=" " ind2=" ">
         <subfield code="a">GENERAL</subfield>
      </datafield>
      <datafield tag="AVA" ind1=" " ind2=" ">
         <subfield code="a">NYU50</subfield>
         <subfield code="b">NISAW</subfield>
         <subfield code="c">Large Collection</subfield>
         <subfield code="d">DS156.Z48 Z47 2005 v.6 Non-circulating</subfield>
         <subfield code="e">available</subfield>
         <subfield code="t">Available</subfield>
         <subfield code="f">1</subfield>
         <subfield code="g">0</subfield>
         <subfield code="h">N</subfield>
         <subfield code="i">0</subfield>
         <subfield code="j">LARGE</subfield>
         <subfield code="k">0</subfield>
      </datafield>
      <marc:datafield tag="852" ind1=" " ind2=" ">
         <marc:subfield code="b">Institute for the Study of the Ancient World, </marc:subfield>
         <marc:subfield code="c">Large Collection</marc:subfield>
         <marc:subfield code="e">15 East 84th St., </marc:subfield>
         <marc:subfield code="e">New York, NY  10028</marc:subfield>
      </marc:datafield>
   </record>