
  
  
  
  
  
  
  
  
  
  
 
  
  <record xsi:schemaLocation="http://www.loc.gov/MARC21/slim http://www.loc.gov/standards/marcxml/schema/MARC21slim.xsd">
      <leader>00000cam a2200541 a 4500</leader>
      <controlfield tag="FMT">BK</controlfield>
      <controlfield tag="LDR">00000cam a2200541 a 4500</controlfield>
      <controlfield tag="001">004503847</controlfield>
      <controlfield tag="003">OCoLC</controlfield>
      <controlfield tag="005">20161201095545.0</controlfield>
      <controlfield tag="008">010227s2000    enkabe   b    001 0 eng c</controlfield>
      <datafield tag="010" ind1=" " ind2=" ">
         <subfield code="a">2004353218</subfield>
      </datafield>
      <datafield tag="015" ind1=" " ind2=" ">
         <subfield code="a">GBA116133</subfield>
         <subfield code="2">bnb</subfield>
      </datafield>
      <datafield tag="020" ind1=" " ind2=" ">
         <subfield code="a">1872566138</subfield>
      </datafield>
      <datafield tag="020" ind1=" " ind2=" ">
         <subfield code="a">9781872566139</subfield>
      </datafield>
      <datafield tag="035" ind1=" " ind2=" ">
         <subfield code="a">(OCoLC)50382193</subfield>
         <subfield code="z">(OCoLC)46643114</subfield>
         <subfield code="z">(OCoLC)56491182</subfield>
      </datafield>
      <datafield tag="040" ind1=" " ind2=" ">
         <subfield code="a">COO</subfield>
         <subfield code="b">eng</subfield>
         <subfield code="c">COO</subfield>
         <subfield code="d">OCLCQ</subfield>
         <subfield code="d">OCLCG</subfield>
         <subfield code="d">NLE</subfield>
         <subfield code="d">EQO</subfield>
         <subfield code="d">GZM</subfield>
         <subfield code="d">CUY</subfield>
         <subfield code="d">BAKER</subfield>
         <subfield code="d">UKM</subfield>
         <subfield code="d">DLC</subfield>
         <subfield code="d">OCLCF</subfield>
         <subfield code="d">OCLCQ</subfield>
         <subfield code="d">OCLCO</subfield>
         <subfield code="d">ZYU</subfield>
      </datafield>
      <datafield tag="042" ind1=" " ind2=" ">
         <subfield code="a">pcc</subfield>
      </datafield>
      <datafield tag="043" ind1=" " ind2=" ">
         <subfield code="a">f-et---</subfield>
      </datafield>
      <datafield tag="050" ind1=" " ind2="4">
         <subfield code="a">DT390.A88</subfield>
         <subfield code="b">P46 2000</subfield>
      </datafield>
      <datafield tag="079" ind1=" " ind2=" ">
         <subfield code="a">(OCoLC)50382193</subfield>
      </datafield>
      <datafield tag="082" ind1="0" ind2="4">
         <subfield code="a">963.01</subfield>
         <subfield code="2">21</subfield>
      </datafield>
      <datafield tag="100" ind1="1" ind2=" ">
         <subfield code="a">Phillipson, D. W.</subfield>
      </datafield>
      <datafield tag="245" ind1="1" ind2="0">
         <subfield code="a">Archaeology at Aksum, Ethiopia, 1993-7 /</subfield>
         <subfield code="c">by David W. Phillipson with the principal assistance of Jacke Phillips ; and contributions by Ayele Tarekegn [and others].</subfield>
      </datafield>
      <datafield tag="260" ind1=" " ind2=" ">
         <subfield code="a">London :</subfield>
         <subfield code="b">British Institute in Eastern Africa,</subfield>
         <subfield code="c">2000.</subfield>
      </datafield>
      <datafield tag="300" ind1=" " ind2=" ">
         <subfield code="a">2 volumes (xiii, 538 pages, 2 folded sheets) :</subfield>
         <subfield code="b">illustrations, maps, plans ;</subfield>
         <subfield code="c">31 cm.</subfield>
      </datafield>
      <datafield tag="336" ind1=" " ind2=" ">
         <subfield code="a">text</subfield>
         <subfield code="b">txt</subfield>
         <subfield code="2">rdacontent</subfield>
      </datafield>
      <datafield tag="337" ind1=" " ind2=" ">
         <subfield code="a">unmediated</subfield>
         <subfield code="b">n</subfield>
         <subfield code="2">rdamedia</subfield>
      </datafield>
      <datafield tag="338" ind1=" " ind2=" ">
         <subfield code="a">volume</subfield>
         <subfield code="b">nc</subfield>
         <subfield code="2">rdacarrier</subfield>
      </datafield>
      <datafield tag="490" ind1="1" ind2=" ">
         <subfield code="a">Memoirs of the British Institute in Eastern Africa ;</subfield>
         <subfield code="v">no. 17</subfield>
      </datafield>
      <datafield tag="490" ind1="1" ind2=" ">
         <subfield code="a">Report / Research Committee of the Society of Antiquaries of London ;</subfield>
         <subfield code="v">65</subfield>
      </datafield>
      <datafield tag="504" ind1=" " ind2=" ">
         <subfield code="a">Includes bibliographical references (v. 2: pages 525-536) and index.</subfield>
      </datafield>
      <datafield tag="505" ind1="0" ind2="0">
         <subfield code="g">Volume 1.</subfield>
         <subfield code="g">Chapter 1.</subfield>
         <subfield code="t">Background to the Project /</subfield>
         <subfield code="r">David W. Phillipson.</subfield>
         <subfield code="g">Chapter 2.</subfield>
         <subfield code="t">The Prehistoric Antecedents of Aksum.</subfield>
         <subfield code="t">Early and Middle Stone Ages /</subfield>
         <subfield code="r">Laurel Phillipson --</subfield>
         <subfield code="t">Late Stone Age /</subfield>
         <subfield code="r">Niall Finneran --</subfield>
         <subfield code="t">Overview /</subfield>
         <subfield code="r">Laurel Phillipson.</subfield>
         <subfield code="g">Chapter 3.</subfield>
         <subfield code="t">The Central Stelae Area /</subfield>
         <subfield code="r">D.W.P.</subfield>
         <subfield code="g">Chapter 4.</subfield>
         <subfield code="t">The tomb of the brick arches.</subfield>
         <subfield code="t">Structure and stratigraphy /</subfield>
         <subfield code="r">Jess Tipper --</subfield>
         <subfield code="t">Artefacts:</subfield>
         <subfield code="t">Pottery and other clay objects /</subfield>
         <subfield code="r">Jacke Phillips --</subfield>
         <subfield code="t">Glass and beads /</subfield>
         <subfield code="r">Michael Harlow --</subfield>
         <subfield code="t">Metal; Ivory; Stone /</subfield>
         <subfield code="r">D.W.P. --</subfield>
         <subfield code="t">Human skeletal remains /</subfield>
         <subfield code="r">Helen Cook --</subfield>
         <subfield code="t">Archaeobotany /</subfield>
         <subfield code="r">Sheila Boardman --</subfield>
         <subfield code="t">Overview; Conservation /</subfield>
         <subfield code="r">D.W.P.</subfield>
         <subfield code="g">Chapter 5.</subfield>
         <subfield code="t">Stela 3 /</subfield>
         <subfield code="r">D.W.P.</subfield>
         <subfield code="g">Chapter 6.</subfield>
         <subfield code="t">The Stela-2 site.</subfield>
         <subfield code="t">Introduction; Preliminary investigation, 1993-4 /</subfield>
         <subfield code="r">D.W.P. --</subfield>
         <subfield code="t">The 1997 excavation /</subfield>
         <subfield code="r">Martin Watts --</subfield>
         <subfield code="t">Artefacts from the 1994 and 1997 excavations /</subfield>
         <subfield code="r">D.W.P. and Martin Watts --</subfield>
         <subfield code="t">Archaeobotany /</subfield>
         <subfield code="r">Sheila Boardman --</subfield>
         <subfield code="t">Overview /</subfield>
         <subfield code="r">D.W.P. and Martin Watts.</subfield>
      </datafield>
      <datafield tag="505" ind1="8" ind2="0">
         <subfield code="g">Chapter 7.</subfield>
         <subfield code="t">The Complex of Monuments associated with Stela 1.</subfield>
         <subfield code="t">The present conifguration of the Stela-1 complex; Stela 1 /</subfield>
         <subfield code="r">D.W.P. --</subfield>
         <subfield code="t">Structure /</subfield>
         <subfield code="r">Michael Harlow and David W. Phillipson --</subfield>
         <subfield code="t">Excavations within the Mausoleum; External excavations /</subfield>
         <subfield code="r">Michael Harlow and Jacke Phillips --</subfield>
         <subfield code="t">Artefacts from primary contexts:</subfield>
         <subfield code="t">Pottery /</subfield>
         <subfield code="r">Jacke Phillips --</subfield>
         <subfield code="t">Glass and beads /</subfield>
         <subfield code="r">Michael Harlow --</subfield>
         <subfield code="t">Metal; Shell /</subfield>
         <subfield code="r">D.W.P. -- Lithics /</subfield>
         <subfield code="r">Laurel Phillipson --</subfield>
         <subfield code="t">Artefacts from later contexts:</subfield>
         <subfield code="t">Pottery and other clay objects /</subfield>
         <subfield code="r">Jacke Phillips --</subfield>
         <subfield code="t">Glass and Beads /</subfield>
         <subfield code="r">Michael Harlow --</subfield>
         <subfield code="t">Metal; Shell; Stone /</subfield>
         <subfield code="r">D.W.P. --</subfield>
         <subfield code="t">Lithics /</subfield>
         <subfield code="r">Laurel Phillipson --</subfield>
         <subfield code="t">Human skeletal remains /</subfield>
         <subfield code="r">Helen Cook --</subfield>
         <subfield code="t">Archaeobotany /</subfield>
         <subfield code="r">Sheila Boardman --</subfield>
         <subfield code="t">Archaeozoology /</subfield>
         <subfield code="r">Chester R. Cain --</subfield>
         <subfield code="t">The East Tomb:</subfield>
         <subfield code="t">Structure and excavation /</subfield>
         <subfield code="r">D.W.P. --</subfield>
         <subfield code="t">Artefacts /</subfield>
         <subfield code="r">Jacke Phillips and D.W.P. --</subfield>
         <subfield code="t">Overview /</subfield>
         <subfield code="r">D.W.P. --</subfield>
         <subfield code="t">Conservation /</subfield>
         <subfield code="r">D.W.P. and Michael Harlow.</subfield>
      </datafield>
      <datafield tag="505" ind1="8" ind2="0">
         <subfield code="g">Chapter 8.</subfield>
         <subfield code="t">The Gudit stelae field /</subfield>
         <subfield code="r">Ayele Tarekegn and D.W.P.</subfield>
         <subfield code="g">Chapter 9.</subfield>
         <subfield code="t">Quarries, Stone Working and Stela Erection.</subfield>
         <subfield code="t">The Aksumite quarries at Gobedra Hill and Adi Tsehafi /</subfield>
         <subfield code="r">Jillian B. Phillips and Jennifer P. Ford --</subfield>
         <subfield code="t">Transport and stela-erection /</subfield>
         <subfield code="r">D.W.P. and Laurel Phillipson --</subfield>
         <subfield code="t">Stone dressing /</subfield>
         <subfield code="r">Laurel Phillipson --</subfield>
         <subfield code="t">Overview /</subfield>
         <subfield code="r">D.W.P..</subfield>
         <subfield code="g">Volume 2.</subfield>
         <subfield code="g">Chapter 10.</subfield>
         <subfield code="t">The D Site at Kidane Mehret.</subfield>
         <subfield code="t">The site and its sequence /</subfield>
         <subfield code="r">D.W.P. and Jacke Phillips --</subfield>
         <subfield code="t">Structures and stratigraphy /</subfield>
         <subfield code="r">Jacke Phillips, Andrew Reynolds and Klara Spandl --</subfield>
         <subfield code="t">Artefacts:</subfield>
         <subfield code="t">Pottery and clay objects /</subfield>
         <subfield code="r">Jacke Phillips --</subfield>
         <subfield code="t">Glass, beads and pendants /</subfield>
         <subfield code="r">Michael Harlow --</subfield>
         <subfield code="t">Metal; Ivory and Bone /</subfield>
         <subfield code="r">D.W.P. --</subfield>
         <subfield code="t">Textiles /</subfield>
         <subfield code="r">Sheila Boardman --</subfield>
         <subfield code="t">Ground and carved stone /</subfield>
         <subfield code="r">D.W.P. and Laurel Phillipson --</subfield>
         <subfield code="t">Seals /</subfield>
         <subfield code="r">D.W.P. --</subfield>
         <subfield code="t">Lithics /</subfield>
         <subfield code="r">Laurel Phillipson --</subfield>
         <subfield code="t">Human skeletal remains /</subfield>
         <subfield code="r">Helen Cook --</subfield>
         <subfield code="t">Archaeobotany /</subfield>
         <subfield code="r">Sheila Boardman --</subfield>
         <subfield code="t">Archaeozoology /</subfield>
         <subfield code="r">Chester R. Cain --</subfield>
         <subfield code="t">Overview /</subfield>
         <subfield code="r">D.W.P.</subfield>
      </datafield>
      <datafield tag="505" ind1="8" ind2="0">
         <subfield code="g">Chapter 11.</subfield>
         <subfield code="t">The K Site in Maleka Aksum.</subfield>
         <subfield code="t">Excavation and stratigraphy /</subfield>
         <subfield code="r">Michael Harlow and Jacke Phillips --</subfield>
         <subfield code="t">Artefacts:</subfield>
         <subfield code="t">Pottery and clay objects /</subfield>
         <subfield code="r">Jacke Phillips --</subfield>
         <subfield code="t">Glass and beads /</subfield>
         <subfield code="r">Michael Harlow --</subfield>
         <subfield code="t">Metal; Ivory, horn, bone and shell; Stone and brick /</subfield>
         <subfield code="r">D.W.P. --</subfield>
         <subfield code="t">Lithics /</subfield>
         <subfield code="r">Laurel Phillipson --</subfield>
         <subfield code="t">Human skeletal remains /</subfield>
         <subfield code="r">Helen Cook --</subfield>
         <subfield code="t">Archaeobotany /</subfield>
         <subfield code="r">Sheila Boardman --</subfield>
         <subfield code="t">Archaeozoology /</subfield>
         <subfield code="r">Chester R. Cain --</subfield>
         <subfield code="t">Overview /</subfield>
         <subfield code="r">D.W.P.</subfield>
         <subfield code="g">Chapter 12.</subfield>
         <subfield code="t">Other Sites and Monuments.</subfield>
         <subfield code="t">P, H and X sites /</subfield>
         <subfield code="r">D.W.P. --</subfield>
         <subfield code="t">L site /</subfield>
         <subfield code="r">Tekle Hagos and D.W.P. --</subfield>
         <subfield code="t">Mestaha Werki;</subfield>
         <subfield code="t">Inscriptions and engravings at Adi Tsehafi /</subfield>
         <subfield code="r">Laurel Phillipson --</subfield>
         <subfield code="t">The Tomb of Bazen, the Tomb of the False Door and the Tombs of Kaleb and Gabra Maskal /</subfield>
         <subfield code="r">D.W.P.</subfield>
         <subfield code="g">Chapter 13.</subfield>
         <subfield code="t">Surface collections of Aksumite lithic industries /</subfield>
         <subfield code="r">Laurel Phillipson.</subfield>
         <subfield code="g">Chapter 14.</subfield>
         <subfield code="t">Syntheses.</subfield>
         <subfield code="t">Lithic industries /</subfield>
         <subfield code="r">Laurel Phillipson --</subfield>
         <subfield code="t">Overview of pottery development /</subfield>
         <subfield code="r">Jacke Phillips --</subfield>
         <subfield code="t">Glass and beads /</subfield>
         <subfield code="r">Michael Harlow --</subfield>
         <subfield code="t">Ivory-working techniques /</subfield>
         <subfield code="r">Laurel Phillipson --</subfield>
         <subfield code="t">Archaeobotany /</subfield>
         <subfield code="r">Sheila Boardman and D.W.P. --</subfield>
         <subfield code="t">Distribution of Aksumite materials and settlement /</subfield>
         <subfield code="r">Laurel Phillipson.</subfield>
         <subfield code="g">Chapter 15.</subfield>
         <subfield code="t">Concluding discussion /</subfield>
         <subfield code="r">D.W.P.</subfield>
      </datafield>
      <datafield tag="505" ind1="8" ind2="0">
         <subfield code="g">Appendices.</subfield>
         <subfield code="g">I.</subfield>
         <subfield code="t">The 1992 research design /</subfield>
         <subfield code="r">D.W.P. --</subfield>
         <subfield code="g">II.</subfield>
         <subfield code="t">Classical Aksumite pottery : surface treatment and decoration /</subfield>
         <subfield code="r">Jacke Phillips --</subfield>
         <subfield code="g">III.</subfield>
         <subfield code="t">Petrology of imported amphorae /</subfield>
         <subfield code="r">David Williams --</subfield>
         <subfield code="g">IV.</subfield>
         <subfield code="t">Metallurgical examination and analysis /</subfield>
         <subfield code="r">Ann Feuerbach --</subfield>
         <subfield code="g">V.</subfield>
         <subfield code="t">Excavated Aksumite coins /</subfield>
         <subfield code="r">D.W.P. --</subfield>
         <subfield code="g">VI.</subfield>
         <subfield code="t">Radiocarbon dates /</subfield>
         <subfield code="r">D.W.P., Paul Pettitt, Sheila Boardman and Rowena Gale --</subfield>
         <subfield code="g">VII.</subfield>
         <subfield code="t">Archaeobotanical methodology /</subfield>
         <subfield code="r">Sheila Boardman and Rowena Gale --</subfield>
         <subfield code="g">VIII.</subfield>
         <subfield code="t">Archaeozoological methodology /</subfield>
         <subfield code="r">Chester R. Cain --</subfield>
         <subfield code="g">IX.</subfield>
         <subfield code="t">Inscriptions /</subfield>
         <subfield code="r">Roger Schneider --</subfield>
         <subfield code="g">X.</subfield>
         <subfield code="t">A sample of render from the Mausoleum /</subfield>
         <subfield code="r">Graham C. Morgan --</subfield>
         <subfield code="g">XI.</subfield>
         <subfield code="t">Magnetic susceptibility readings /</subfield>
         <subfield code="r">Jillian B. Phillips and Jennifer P. Ford --</subfield>
         <subfield code="g">XII.</subfield>
         <subfield code="t">Recent use of the Stelae Park area /</subfield>
         <subfield code="r">Jacke Phillips --</subfield>
         <subfield code="g">XIII.</subfield>
         <subfield code="t">Inventory numbers of illustrated artefacts /</subfield>
         <subfield code="r">D.W.P.</subfield>
      </datafield>
      <datafield tag="650" ind1=" " ind2="0">
         <subfield code="a">Excavations (Archaeology)</subfield>
         <subfield code="z">Ethiopia</subfield>
         <subfield code="z">Āksum.</subfield>
      </datafield>
      <datafield tag="651" ind1=" " ind2="0">
         <subfield code="a">Āksum (Ethiopia)</subfield>
         <subfield code="x">Antiquities.</subfield>
      </datafield>
      <datafield tag="650" ind1=" " ind2="7">
         <subfield code="a">Antiquities.</subfield>
         <subfield code="2">fast</subfield>
         <subfield code="0">(OCoLC)fst00810745</subfield>
      </datafield>
      <datafield tag="650" ind1=" " ind2="7">
         <subfield code="a">Excavations (Archaeology)</subfield>
         <subfield code="2">fast</subfield>
         <subfield code="0">(OCoLC)fst00917564</subfield>
      </datafield>
      <datafield tag="651" ind1=" " ind2="7">
         <subfield code="a">Ethiopia</subfield>
         <subfield code="z">Āksum.</subfield>
         <subfield code="2">fast</subfield>
         <subfield code="0">(OCoLC)fst01223270</subfield>
      </datafield>
      <datafield tag="700" ind1="1" ind2=" ">
         <subfield code="a">Phillips, Jacqueline Sharon,</subfield>
         <subfield code="d">1955-</subfield>
      </datafield>
      <datafield tag="700" ind1="1" ind2=" ">
         <subfield code="a">Tarekegn, Ayele.</subfield>
      </datafield>
      <datafield tag="776" ind1="0" ind2="8">
         <subfield code="i">Online version:</subfield>
         <subfield code="a">Phillipson, D.W.</subfield>
         <subfield code="t">Archaeology at Aksum, Ethiopia, 1993-7.</subfield>
         <subfield code="d">London : British Institute in Eastern Africa, 2000</subfield>
         <subfield code="w">(OCoLC)605958693</subfield>
      </datafield>
      <datafield tag="830" ind1=" " ind2="0">
         <subfield code="a">Memoir (British Institute in Eastern Africa) ;</subfield>
         <subfield code="v">no. 17.</subfield>
      </datafield>
      <datafield tag="830" ind1=" " ind2="0">
         <subfield code="a">Reports of the Research Committee of the Society of Antiquaries of London ;</subfield>
         <subfield code="v">no. 65.</subfield>
      </datafield>
      <datafield tag="OWN" ind1=" " ind2=" ">
         <subfield code="a">GENERAL</subfield>
      </datafield>
      <datafield tag="AVA" ind1=" " ind2=" ">
         <subfield code="a">NYU50</subfield>
         <subfield code="b">NISAW</subfield>
         <subfield code="c">Large Collection</subfield>
         <subfield code="d">DT390.A88 P455 2000 Non-circulating</subfield>
         <subfield code="e">available</subfield>
         <subfield code="t">Available</subfield>
         <subfield code="f">2</subfield>
         <subfield code="g">0</subfield>
         <subfield code="h">Y</subfield>
         <subfield code="i">0</subfield>
         <subfield code="j">LARGE</subfield>
         <subfield code="k">0</subfield>
      </datafield>
      <marc:datafield tag="852" ind1=" " ind2=" ">
         <marc:subfield code="b">Institute for the Study of the Ancient World, </marc:subfield>
         <marc:subfield code="c">Large Collection</marc:subfield>
         <marc:subfield code="e">15 East 84th St., </marc:subfield>
         <marc:subfield code="e">New York, NY  10028</marc:subfield>
      </marc:datafield>
   </record>