
  
  
  
  
  
  
  
  
  
  
 
  
  <record xsi:schemaLocation="http://www.loc.gov/MARC21/slim http://www.loc.gov/standards/marcxml/schema/MARC21slim.xsd">
      <leader>00000cam a2200793 i 4500</leader>
      <controlfield tag="FMT">BK</controlfield>
      <controlfield tag="LDR">00000cam a2200793 i 4500</controlfield>
      <controlfield tag="001">004078082</controlfield>
      <controlfield tag="003">OCoLC</controlfield>
      <controlfield tag="005">20161109134733.0</controlfield>
      <controlfield tag="008">140506s2014    caua     b    001 0 eng c</controlfield>
      <datafield tag="010" ind1=" " ind2=" ">
         <subfield code="a">2014016318</subfield>
      </datafield>
      <datafield tag="015" ind1=" " ind2=" ">
         <subfield code="a">GBB4B9975</subfield>
         <subfield code="2">bnb</subfield>
      </datafield>
      <datafield tag="016" ind1="7" ind2=" ">
         <subfield code="a">016913371</subfield>
         <subfield code="2">Uk</subfield>
      </datafield>
      <datafield tag="020" ind1=" " ind2=" ">
         <subfield code="a">9781606064207</subfield>
         <subfield code="q">(hardcover)</subfield>
      </datafield>
      <datafield tag="020" ind1=" " ind2=" ">
         <subfield code="a">1606064207</subfield>
         <subfield code="q">(hardcover)</subfield>
      </datafield>
      <datafield tag="035" ind1=" " ind2=" ">
         <subfield code="a">(OCoLC)879583367</subfield>
         <subfield code="z">(OCoLC)951130695</subfield>
      </datafield>
      <datafield tag="040" ind1=" " ind2=" ">
         <subfield code="a">JPG/DLC</subfield>
         <subfield code="b">eng</subfield>
         <subfield code="e">rda</subfield>
         <subfield code="c">JPG</subfield>
         <subfield code="d">DLC</subfield>
         <subfield code="d">PUL</subfield>
         <subfield code="d">YDXCP</subfield>
         <subfield code="d">BTCTA</subfield>
         <subfield code="d">BDX</subfield>
         <subfield code="d">UKMGB</subfield>
         <subfield code="d">IAC</subfield>
         <subfield code="d">OSU</subfield>
         <subfield code="d">FDA</subfield>
         <subfield code="d">ZCU</subfield>
         <subfield code="d">STF</subfield>
         <subfield code="d">CHVBK</subfield>
         <subfield code="d">CUT</subfield>
         <subfield code="d">OCLCO</subfield>
         <subfield code="d">NLGGC</subfield>
         <subfield code="d">VLR</subfield>
         <subfield code="d">OCLCQ</subfield>
         <subfield code="d">OCLCF</subfield>
      </datafield>
      <datafield tag="042" ind1=" " ind2=" ">
         <subfield code="a">pcc</subfield>
      </datafield>
      <datafield tag="043" ind1=" " ind2=" ">
         <subfield code="a">e-fr---</subfield>
         <subfield code="a">ff-----</subfield>
         <subfield code="a">e------</subfield>
         <subfield code="a">aw-----</subfield>
      </datafield>
      <datafield tag="050" ind1="0" ind2="0">
         <subfield code="a">NK7107.3</subfield>
         <subfield code="b">.B47 2014</subfield>
      </datafield>
      <datafield tag="079" ind1=" " ind2=" ">
         <subfield code="a">(OCoLC)879583367</subfield>
      </datafield>
      <datafield tag="082" ind1="0" ind2="0">
         <subfield code="a">739.2/3093642</subfield>
         <subfield code="2">23</subfield>
      </datafield>
      <datafield tag="245" ind1="0" ind2="4">
         <subfield code="a">The Berthouville silver treasure and Roman luxury /</subfield>
         <subfield code="c">edited by Kenneth Lapatin ; with contributions by Mathilde Avisseau-Broustet, Cécile Colonna, Isabelle Fauduet, Gaëlle Gautier, Susan Lansing Maish, Ruth Leader-Newby, Eduardo Sánchez.</subfield>
      </datafield>
      <datafield tag="264" ind1=" " ind2="1">
         <subfield code="a">Los Angeles :</subfield>
         <subfield code="b">The J. Paul Getty Museum,</subfield>
         <subfield code="c">[2014]</subfield>
      </datafield>
      <datafield tag="300" ind1=" " ind2=" ">
         <subfield code="a">vii, 190 pages :</subfield>
         <subfield code="b">illustrations ;</subfield>
         <subfield code="c">29 cm</subfield>
      </datafield>
      <datafield tag="336" ind1=" " ind2=" ">
         <subfield code="a">text</subfield>
         <subfield code="b">txt</subfield>
         <subfield code="2">rdacontent</subfield>
      </datafield>
      <datafield tag="336" ind1=" " ind2=" ">
         <subfield code="a">still image</subfield>
         <subfield code="b">sti</subfield>
         <subfield code="2">rdacontent</subfield>
      </datafield>
      <datafield tag="337" ind1=" " ind2=" ">
         <subfield code="a">unmediated</subfield>
         <subfield code="b">n</subfield>
         <subfield code="2">rdamedia</subfield>
      </datafield>
      <datafield tag="338" ind1=" " ind2=" ">
         <subfield code="a">volume</subfield>
         <subfield code="b">nc</subfield>
         <subfield code="2">rdacarrier</subfield>
      </datafield>
      <datafield tag="504" ind1=" " ind2=" ">
         <subfield code="a">Includes bibliographical references (pages 172-178) and index.</subfield>
      </datafield>
      <datafield tag="505" ind1="0" ind2="0">
         <subfield code="g">Foreword /</subfield>
         <subfield code="r">Timothy Potts --</subfield>
         <subfield code="g">Introduction /</subfield>
         <subfield code="r">Kenneth Lapatin --</subfield>
         <subfield code="t">The Berthouville treasure :</subfield>
         <subfield code="t">a discovery "as marvelous as it was unexpected" /</subfield>
         <subfield code="r">Mathilde Avisseau-Broustet, Cécile Colonna, and Kenneth Lapatin --</subfield>
         <subfield code="t">Gaul at the time of the Berthouville sanctuary /</subfield>
         <subfield code="r">Isabelle Fauduet --</subfield>
         <subfield code="t">Heroes, lions, and vandals :</subfield>
         <subfield code="t">four late Roman missoria /</subfield>
         <subfield code="r">Ruth Leader-Newby --</subfield>
         <subfield code="t">The hidden lives of ancient objects :</subfield>
         <subfield code="t">conserving the Berthouville treasure and four missoria /</subfield>
         <subfield code="r">Eduardo Sánchez and Susan Lansing Maish --</subfield>
         <subfield code="t">Roman luxury from home to tomb and sanctuary /</subfield>
         <subfield code="r">Kenneth Lapatin --</subfield>
         <subfield code="t">The Cabinet des médailles :</subfield>
         <subfield code="t">its history and archaeological collections /</subfield>
         <subfield code="r">Mathilde Avisseau-Broustet and Cécile Colonna.</subfield>
      </datafield>
      <datafield tag="520" ind1=" " ind2=" ">
         <subfield code="a">"In 1830 a farmer plowing a field near the village of Berthouville in Normandy, France, discovered a trove of ancient Roman silver objects weighing some 55 pounds (25 kilograms). The Berthouville treasure, as the find came to be known, includes two statuettes representing the Gallo-Roman god Mercury and approximately sixty vessels--bowls, cups, pitchers, and plates, many of which bear votive inscriptions--along with dozens of smaller components and fragments. Dedicated to Mercury by various individuals, the treasure, including some of the finest ancient Roman silver to survive, fortunately escaped being melted down. It was acquired by the Cabinet des médailles et antiques of the Bibliothèque Royale (now the Département des Monnaies, médailles et antiques of the Bibliothèque nationale de France), where it was displayed until late 2010, when it was brought in its entirety to the Getty Villa together with four large, late antique silver plates, each with its own colorful history, for comprehensive conservation treatment. This sumptuously illustrated volume ... presents the highlights of the treasure and other Roman luxury arts from the holdings of the Cabinet des médailles--including precious gems, jewelry, gold coins, and colored marbles--and contextualizes them in a series of elucidating essays."--Publisher's Web site.</subfield>
      </datafield>
      <datafield tag="650" ind1=" " ind2="0">
         <subfield code="a">Silverwork, Classical</subfield>
         <subfield code="z">France</subfield>
         <subfield code="z">Normandy.</subfield>
      </datafield>
      <datafield tag="650" ind1=" " ind2="0">
         <subfield code="a">Silverwork</subfield>
         <subfield code="z">Rome.</subfield>
      </datafield>
      <datafield tag="650" ind1=" " ind2="0">
         <subfield code="a">Romans</subfield>
         <subfield code="z">France</subfield>
         <subfield code="z">Normandy.</subfield>
      </datafield>
      <datafield tag="650" ind1=" " ind2="0">
         <subfield code="a">Gauls</subfield>
         <subfield code="z">France</subfield>
         <subfield code="z">Normandy.</subfield>
      </datafield>
      <datafield tag="650" ind1=" " ind2="0">
         <subfield code="a">Excavations (Archaeology)</subfield>
         <subfield code="z">France</subfield>
         <subfield code="z">Normandy.</subfield>
      </datafield>
      <datafield tag="651" ind1=" " ind2="0">
         <subfield code="a">Normandy (France)</subfield>
         <subfield code="x">Antiquities, Roman.</subfield>
      </datafield>
      <datafield tag="610" ind1="2" ind2="0">
         <subfield code="a">Bibliothèque nationale de France.</subfield>
         <subfield code="b">Département des monnaies, médailles et antiques</subfield>
         <subfield code="x">Art collections.</subfield>
      </datafield>
      <datafield tag="650" ind1=" " ind2="0">
         <subfield code="a">Silverwork</subfield>
         <subfield code="z">France</subfield>
         <subfield code="z">Paris.</subfield>
      </datafield>
      <datafield tag="651" ind1=" " ind2="7">
         <subfield code="a">Canetonum.</subfield>
         <subfield code="2">pleiades</subfield>
         <subfield code="0">https://pleiades.stoa.org/places/108852</subfield>
         <subfield code="5">NyNyUAW</subfield>
      </datafield>
      <datafield tag="610" ind1="2" ind2="4">
         <subfield code="a">Bibliothèque nationale de France.</subfield>
         <subfield code="b">Département des monnaies, médailles et antiques.</subfield>
      </datafield>
      <datafield tag="610" ind1="2" ind2="7">
         <subfield code="a">Bibliothèque nationale de France.</subfield>
         <subfield code="b">Département des monnaies, médailles et antiques.</subfield>
         <subfield code="2">fast</subfield>
         <subfield code="0">(OCoLC)fst01589639</subfield>
      </datafield>
      <datafield tag="650" ind1=" " ind2="7">
         <subfield code="a">Art museums.</subfield>
         <subfield code="2">fast</subfield>
         <subfield code="0">(OCoLC)fst00815631</subfield>
      </datafield>
      <datafield tag="650" ind1=" " ind2="7">
         <subfield code="a">Classical antiquities.</subfield>
         <subfield code="2">fast</subfield>
         <subfield code="0">(OCoLC)fst00863445</subfield>
      </datafield>
      <datafield tag="650" ind1=" " ind2="7">
         <subfield code="a">Excavations (Archaeology)</subfield>
         <subfield code="2">fast</subfield>
         <subfield code="0">(OCoLC)fst00917564</subfield>
      </datafield>
      <datafield tag="650" ind1=" " ind2="7">
         <subfield code="a">Gauls.</subfield>
         <subfield code="2">fast</subfield>
         <subfield code="0">(OCoLC)fst00939002</subfield>
      </datafield>
      <datafield tag="650" ind1=" " ind2="7">
         <subfield code="a">Romans.</subfield>
         <subfield code="2">fast</subfield>
         <subfield code="0">(OCoLC)fst01100116</subfield>
      </datafield>
      <datafield tag="650" ind1=" " ind2="7">
         <subfield code="a">Silverwork.</subfield>
         <subfield code="2">fast</subfield>
         <subfield code="0">(OCoLC)fst01119016</subfield>
      </datafield>
      <datafield tag="650" ind1=" " ind2="7">
         <subfield code="a">Silverwork, Classical.</subfield>
         <subfield code="2">fast</subfield>
         <subfield code="0">(OCoLC)fst01119040</subfield>
      </datafield>
      <datafield tag="651" ind1=" " ind2="7">
         <subfield code="a">France</subfield>
         <subfield code="z">Normandy.</subfield>
         <subfield code="2">fast</subfield>
         <subfield code="0">(OCoLC)fst01210709</subfield>
      </datafield>
      <datafield tag="651" ind1=" " ind2="7">
         <subfield code="a">France</subfield>
         <subfield code="z">Paris.</subfield>
         <subfield code="2">fast</subfield>
         <subfield code="0">(OCoLC)fst01205283</subfield>
      </datafield>
      <datafield tag="651" ind1=" " ind2="7">
         <subfield code="a">Rome (Empire)</subfield>
         <subfield code="2">fast</subfield>
         <subfield code="0">(OCoLC)fst01204885</subfield>
      </datafield>
      <datafield tag="655" ind1=" " ind2="7">
         <subfield code="a">Exhibition catalogs.</subfield>
         <subfield code="2">aat</subfield>
      </datafield>
      <datafield tag="700" ind1="1" ind2=" ">
         <subfield code="a">Lapatin, Kenneth D. S.,</subfield>
         <subfield code="e">editor.</subfield>
      </datafield>
      <datafield tag="710" ind1="2" ind2=" ">
         <subfield code="a">J. Paul Getty Museum,</subfield>
         <subfield code="e">issuing body.</subfield>
      </datafield>
      <datafield tag="OWN" ind1=" " ind2=" ">
         <subfield code="a">GENERAL</subfield>
      </datafield>
      <datafield tag="AVA" ind1=" " ind2=" ">
         <subfield code="a">NYU50</subfield>
         <subfield code="b">BOBST</subfield>
         <subfield code="c">Main Collection</subfield>
         <subfield code="d">NK7107.3 .B47 2014</subfield>
         <subfield code="e">available</subfield>
         <subfield code="t">Available</subfield>
         <subfield code="f">1</subfield>
         <subfield code="g">0</subfield>
         <subfield code="h">N</subfield>
         <subfield code="i">1</subfield>
         <subfield code="j">MAIN</subfield>
         <subfield code="k">0</subfield>
      </datafield>
      <datafield tag="AVA" ind1=" " ind2=" ">
         <subfield code="a">NYU50</subfield>
         <subfield code="b">NIFA</subfield>
         <subfield code="c">Main Collection</subfield>
         <subfield code="d">NK7107.3 .B47 2014 Non-circulating</subfield>
         <subfield code="e">available</subfield>
         <subfield code="t">Available</subfield>
         <subfield code="f">1</subfield>
         <subfield code="g">0</subfield>
         <subfield code="h">N</subfield>
         <subfield code="i">0</subfield>
         <subfield code="j">MAIN</subfield>
         <subfield code="k">0</subfield>
      </datafield>
      <datafield tag="AVA" ind1=" " ind2=" ">
         <subfield code="a">NYU50</subfield>
         <subfield code="b">NISAW</subfield>
         <subfield code="c">Large Collection</subfield>
         <subfield code="d">NK7107.3 .B47 2014 Non-circulating</subfield>
         <subfield code="e">available</subfield>
         <subfield code="t">Available</subfield>
         <subfield code="f">1</subfield>
         <subfield code="g">0</subfield>
         <subfield code="h">N</subfield>
         <subfield code="i">0</subfield>
         <subfield code="j">LARGE</subfield>
         <subfield code="k">0</subfield>
      </datafield>
      <marc:datafield tag="852" ind1=" " ind2=" ">
         <marc:subfield code="b">Institute for the Study of the Ancient World, </marc:subfield>
         <marc:subfield code="c">Large Collection</marc:subfield>
         <marc:subfield code="e">15 East 84th St., </marc:subfield>
         <marc:subfield code="e">New York, NY  10028</marc:subfield>
      </marc:datafield>
   </record>