
  
  
  
  
  
  
  
 
  
  <record xsi:schemaLocation="http://www.loc.gov/MARC21/slim http://www.loc.gov/standards/marcxml/schema/MARC21slim.xsd">
      <leader>00000cas a2200577 a 4500</leader>
      <controlfield tag="FMT">SE</controlfield>
      <controlfield tag="LDR">00000cas a2200577 a 4500</controlfield>
      <controlfield tag="001">003382374</controlfield>
      <controlfield tag="003">OCoLC</controlfield>
      <controlfield tag="005">20130401153024.0</controlfield>
      <controlfield tag="008">101011c20069999be ar         0    0eng d</controlfield>
      <datafield tag="010" ind1=" " ind2=" ">
         <subfield code="a">2007252691</subfield>
      </datafield>
      <datafield tag="015" ind1=" " ind2=" ">
         <subfield code="a">982740948</subfield>
         <subfield code="2">dnb</subfield>
      </datafield>
      <datafield tag="016" ind1="7" ind2=" ">
         <subfield code="a">2266397-6</subfield>
         <subfield code="2">DE-600</subfield>
      </datafield>
      <datafield tag="022" ind1="0" ind2=" ">
         <subfield code="a">1783-9025</subfield>
         <subfield code="l">1783-9025</subfield>
         <subfield code="2">m</subfield>
      </datafield>
      <datafield tag="035" ind1=" " ind2=" ">
         <subfield code="a">(OCoLC)78119044</subfield>
      </datafield>
      <datafield tag="040" ind1=" " ind2=" ">
         <subfield code="a">EYM</subfield>
         <subfield code="c">EYM</subfield>
         <subfield code="d">ZCU</subfield>
         <subfield code="d">WAU</subfield>
         <subfield code="d">SMI</subfield>
         <subfield code="d">GEBAY</subfield>
         <subfield code="d">SERSO</subfield>
         <subfield code="d">GBVCP</subfield>
         <subfield code="d">NNU</subfield>
      </datafield>
      <datafield tag="042" ind1=" " ind2=" ">
         <subfield code="a">lcd</subfield>
      </datafield>
      <datafield tag="043" ind1=" " ind2=" ">
         <subfield code="a">ac-----</subfield>
      </datafield>
      <datafield tag="050" ind1=" " ind2="4">
         <subfield code="a">DS327</subfield>
         <subfield code="b">.J68</subfield>
      </datafield>
      <datafield tag="079" ind1=" " ind2=" ">
         <subfield code="a">(OCoLC)78119044</subfield>
      </datafield>
      <datafield tag="210" ind1="1" ind2=" ">
         <subfield code="a">J. Inner Asian Art Archaeol.</subfield>
      </datafield>
      <datafield tag="222" ind1=" " ind2="0">
         <subfield code="a">Journal of Inner Asian Art and Archaeology</subfield>
      </datafield>
      <datafield tag="245" ind1="0" ind2="0">
         <subfield code="a">Journal of Inner Asian art and archaeology.</subfield>
      </datafield>
      <datafield tag="260" ind1=" " ind2=" ">
         <subfield code="a">Turnhout, Belgium :</subfield>
         <subfield code="b">Brepols Publishers</subfield>
      </datafield>
      <datafield tag="300" ind1=" " ind2=" ">
         <subfield code="a">v. :</subfield>
         <subfield code="b">ill. ;</subfield>
         <subfield code="c">28 cm.</subfield>
      </datafield>
      <datafield tag="310" ind1=" " ind2=" ">
         <subfield code="a">Annual</subfield>
      </datafield>
      <datafield tag="362" ind1="1" ind2=" ">
         <subfield code="a">Began with 1 (2006).</subfield>
      </datafield>
      <datafield tag="588" ind1=" " ind2=" ">
         <subfield code="a">Description based on first issue; title from title page.</subfield>
      </datafield>
      <datafield tag="530" ind1=" " ind2=" ">
         <subfield code="a">Also available online.</subfield>
      </datafield>
      <datafield tag="550" ind1=" " ind2=" ">
         <subfield code="a">Produced by the Circle of Inner Asian Art.</subfield>
      </datafield>
      <datafield tag="650" ind1=" " ind2="0">
         <subfield code="a">Excavations (Archaeology)</subfield>
         <subfield code="z">Asia, Central</subfield>
         <subfield code="v">Periodicals.</subfield>
      </datafield>
      <datafield tag="651" ind1=" " ind2="0">
         <subfield code="a">Asia, Central</subfield>
         <subfield code="x">Antiquities</subfield>
         <subfield code="v">Periodicals.</subfield>
      </datafield>
      <datafield tag="650" ind1=" " ind2="0">
         <subfield code="a">Art</subfield>
         <subfield code="z">Asia, Central</subfield>
         <subfield code="v">Periodicals.</subfield>
      </datafield>
      <datafield tag="710" ind1="2" ind2=" ">
         <subfield code="a">Circle of Inner Asian Art.</subfield>
      </datafield>
      <datafield tag="780" ind1="0" ind2="0">
         <subfield code="t">Newsletter (Circle of Inner Asian Art)</subfield>
         <subfield code="x">1364-9418</subfield>
         <subfield code="w">(DLC) 2005234034</subfield>
         <subfield code="w">(OCoLC)51080956</subfield>
      </datafield>
      <datafield tag="776" ind1="0" ind2="8">
         <subfield code="i">Online version:</subfield>
         <subfield code="t">Journal of Inner Asian art and archaeology</subfield>
         <subfield code="w">(OCoLC)608107942</subfield>
      </datafield>
      <datafield tag="866" ind1="4" ind2="1">
         <subfield code="l">Bobst</subfield>
         <subfield code="d">DS327 .J68</subfield>
         <subfield code="e">1106</subfield>
         <subfield code="j">4-</subfield>
         <subfield code="k">2009-</subfield>
      </datafield>
      <datafield tag="994" ind1=" " ind2=" ">
         <subfield code="a">Z0</subfield>
         <subfield code="b">ZYU</subfield>
      </datafield>
      <datafield tag="OWN" ind1=" " ind2=" ">
         <subfield code="a">GENERAL</subfield>
      </datafield>
      <datafield tag="H66" ind1=" " ind2=" ">
         <subfield code="l">ISAW Oak Collection</subfield>
         <subfield code="d">DS327 .J68</subfield>
         <subfield code="q">NISAWOAK=ZZ</subfield>
         <subfield code="e">1010</subfield>
         <subfield code="j">1-5</subfield>
         <subfield code="k">2006-2010</subfield>
      </datafield>
      <datafield tag="966" ind1="4" ind2="1">
         <subfield code="l">ISAW Oak Collection</subfield>
         <subfield code="d">DS327 .J68</subfield>
         <subfield code="e">1010</subfield>
         <subfield code="j">1-5</subfield>
         <subfield code="k">2006-2010</subfield>
      </datafield>
      <datafield tag="AVA" ind1=" " ind2=" ">
         <subfield code="a">NYU50</subfield>
         <subfield code="b">BOBST</subfield>
         <subfield code="c">Main Collection</subfield>
         <subfield code="d">DS327 .J68</subfield>
         <subfield code="e">available</subfield>
         <subfield code="t">Available</subfield>
         <subfield code="f">3</subfield>
         <subfield code="g">0</subfield>
         <subfield code="h">Y</subfield>
         <subfield code="i">0</subfield>
         <subfield code="j">MAIN</subfield>
         <subfield code="k">0</subfield>
      </datafield>
      <datafield tag="AVA" ind1=" " ind2=" ">
         <subfield code="a">NYU50</subfield>
         <subfield code="b">NISAW</subfield>
         <subfield code="c">Oak Collection</subfield>
         <subfield code="d">DS327 .J68 Non-circulating</subfield>
         <subfield code="e">available</subfield>
         <subfield code="t">Available</subfield>
         <subfield code="f">6</subfield>
         <subfield code="g">0</subfield>
         <subfield code="h">Y</subfield>
         <subfield code="i">0</subfield>
         <subfield code="j">OAK</subfield>
         <subfield code="k">0</subfield>
      </datafield>
      <marc:datafield tag="852" ind1=" " ind2=" ">
         <marc:subfield code="b">Institute for the Study of the Ancient World, </marc:subfield>
         <marc:subfield code="c">Oak Collection</marc:subfield>
         <marc:subfield code="e">15 East 84th St., </marc:subfield>
         <marc:subfield code="e">New York, NY  10028</marc:subfield>
      </marc:datafield>
   </record>