
  
  
  
  
  
  
  
  
 
  
  <record xsi:schemaLocation="http://www.loc.gov/MARC21/slim http://www.loc.gov/standards/marcxml/schema/MARC21slim.xsd">
      <leader>00000cam a2200457 a 4500</leader>
      <controlfield tag="FMT">BK</controlfield>
      <controlfield tag="LDR">00000cam a2200457 a 4500</controlfield>
      <controlfield tag="001">004507210</controlfield>
      <controlfield tag="003">OCoLC</controlfield>
      <controlfield tag="005">20161209135242.0</controlfield>
      <controlfield tag="008">161114s1984    ru a     b    001 0 ruso</controlfield>
      <datafield tag="010" ind1=" " ind2=" ">
         <subfield code="a">84241407</subfield>
      </datafield>
      <datafield tag="035" ind1=" " ind2=" ">
         <subfield code="a">(OCoLC)11633028</subfield>
      </datafield>
      <datafield tag="040" ind1=" " ind2=" ">
         <subfield code="a">DLC</subfield>
         <subfield code="b">eng</subfield>
         <subfield code="c">DLC</subfield>
         <subfield code="d">TOZ</subfield>
         <subfield code="d">OCLCF</subfield>
         <subfield code="d">OCLCO</subfield>
         <subfield code="d">OCLCQ</subfield>
         <subfield code="d">OCLCO</subfield>
         <subfield code="d">NNU</subfield>
      </datafield>
      <datafield tag="041" ind1="0" ind2=" ">
         <subfield code="a">rus</subfield>
         <subfield code="b">eng</subfield>
      </datafield>
      <datafield tag="043" ind1=" " ind2=" ">
         <subfield code="a">ac-----</subfield>
         <subfield code="a">a-ii---</subfield>
      </datafield>
      <datafield tag="050" ind1="0" ind2="0">
         <subfield code="a">GN776.32.A783</subfield>
         <subfield code="b">D74 1984</subfield>
      </datafield>
      <datafield tag="079" ind1=" " ind2=" ">
         <subfield code="a">(OCoLC)11633028</subfield>
      </datafield>
      <datafield tag="245" ind1="0" ind2="0">
         <subfield code="6">880-01</subfield>
         <subfield code="a">Drevnie kulʹtury Sredneĭ Azii i Indii /</subfield>
         <subfield code="c">pod red. V.M. Massona.</subfield>
      </datafield>
      <datafield tag="260" ind1=" " ind2=" ">
         <subfield code="6">880-02</subfield>
         <subfield code="a">Leningrad :</subfield>
         <subfield code="b">"Nauka, " Leningradskoe otd-nie,</subfield>
         <subfield code="c">1984.</subfield>
      </datafield>
      <datafield tag="300" ind1=" " ind2=" ">
         <subfield code="a">187 pages :</subfield>
         <subfield code="b">illustrations ;</subfield>
         <subfield code="c">23 cm</subfield>
      </datafield>
      <datafield tag="336" ind1=" " ind2=" ">
         <subfield code="a">text</subfield>
         <subfield code="b">txt</subfield>
         <subfield code="2">rdacontent</subfield>
      </datafield>
      <datafield tag="337" ind1=" " ind2=" ">
         <subfield code="a">unmediated</subfield>
         <subfield code="b">n</subfield>
         <subfield code="2">rdamedia</subfield>
      </datafield>
      <datafield tag="338" ind1=" " ind2=" ">
         <subfield code="a">volume</subfield>
         <subfield code="b">nc</subfield>
         <subfield code="2">rdacarrier</subfield>
      </datafield>
      <datafield tag="500" ind1=" " ind2=" ">
         <subfield code="6">880-03</subfield>
         <subfield code="a">At head of title: Akademii͡a nauk SSSR. Institut arkheologii.</subfield>
      </datafield>
      <datafield tag="500" ind1=" " ind2=" ">
         <subfield code="a">"V Allakhabade v fevrale 1982 g. sostoi͡alsi͡a sovetsko-indiĭskiĭ seminar"--Page 3.</subfield>
      </datafield>
      <datafield tag="500" ind1=" " ind2=" ">
         <subfield code="a">Table of contents also in English.</subfield>
      </datafield>
      <datafield tag="500" ind1=" " ind2=" ">
         <subfield code="a">ISAW copy is from the library of Aleksandr Leskov.</subfield>
         <subfield code="5">NyNyUAW</subfield>
      </datafield>
      <datafield tag="504" ind1=" " ind2=" ">
         <subfield code="a">Includes bibliographical references and index.</subfield>
      </datafield>
      <datafield tag="505" ind1="0" ind2="0">
         <subfield code="g">English table of contents:</subfield>
         <subfield code="t">Palaeo environments and prehistory of the middle Son Valley in North Madhya Pladesh /</subfield>
         <subfield code="r">Sharma G.R., Clark D.D. --</subfield>
         <subfield code="t">Ancient hunter-gathering cultures and the transition to farming-based settled life in India /</subfield>
         <subfield code="r">Misra V.N --</subfield>
         <subfield code="t">Epipalaeolithic and Mesolithic cultures of the Vindhyas and the Ganga Valley /</subfield>
         <subfield code="r">Mira B.B., Varma R.K, Misra V.D. --</subfield>
         <subfield code="t">The Vindyan Neolithic (a new centre of the early farming communities in India) /</subfield>
         <subfield code="r">Mandal D. --</subfield>
         <subfield code="t">Chalcolithic culture of the northern Vindhyas and the Ganga Valley (origin and evolution) /</subfield>
         <subfield code="r">Sharma G.R., Misra B.B., Pal J.N. --</subfield>
         <subfield code="t">Neolithic-Chalkolithic food economy of Eastern Uttar Pradesh /</subfield>
         <subfield code="r">Vishnu Mittre, Sharma K.A. --</subfield>
         <subfield code="r">Formation of ancient civilization in Central Asia and Indostan /</subfield>
         <subfield code="r">Masson V.M. --</subfield>
         <subfield code="t">Aryan and non-aryan in Ancient India /</subfield>
         <subfield code="r">Bongard-Levin G.M. --</subfield>
         <subfield code="t">A few points of comparison between Inamgaon a Chalcolithic village in Maharashtra (1500 B.C) and Altin-Depe in South Turkemenistan /</subfield>
         <subfield code="r">Sankalia H.D. --</subfield>
      </datafield>
      <datafield tag="505" ind1="8" ind2="0">
         <subfield code="t">The preharappan culture in India /</subfield>
         <subfield code="r">Sharma Y.D. --</subfield>
         <subfield code="t">A problem of formation of early urban culture in the South of Uzbekistan and its connections with Hindustan /</subfield>
         <subfield code="r">Askarov A. --</subfield>
         <subfield code="t">Copper hoards from Rajasthan, Haryana and Uttar Pradesh : a study in inter-relationship /</subfield>
         <subfield code="r">Agrawala R.C. --</subfield>
         <subfield code="t">The Painted Grey Ware Culture /</subfield>
         <subfield code="r">Lal B.B. --</subfield>
         <subfield code="t">New date about Atharvaveda's dating (basing upon the archaeological sources) /</subfield>
         <subfield code="r">Mehta R.N. --</subfield>
         <subfield code="t">the word ārya : a semantic study /</subfield>
         <subfield code="r">Pathak V.S. --</subfield>
         <subfield code="t">The finds of horse bones in prearyan archaeological sites of India /</subfield>
         <subfield code="r">Alur K.R. --</subfield>
         <subfield code="t">Investigation of buddhists monuments in Merve /</subfield>
         <subfield code="r">Koshelenko G.A. --</subfield>
         <subfield code="t">Armenian historians of the 5th-7th centuries on India /</subfield>
         <subfield code="r">Dzhanpoladyan R.M. --</subfield>
         <subfield code="t">The Ustrushana pantheon of deities and demons and its Indo-Iranian similarities and roots /</subfield>
         <subfield code="r">Negmatov N.N. --</subfield>
         <subfield code="t">On the question of Central Asian-Indian contracts in ancient and medieval painting /</subfield>
         <subfield code="r">Ashrafi M.M. --</subfield>
         <subfield code="t">The study of hinduism in Russia and USSR : some results and perspectives /</subfield>
         <subfield code="r">Rybakov R.B.</subfield>
      </datafield>
      <datafield tag="500" ind1=" " ind2=" ">
         <subfield code="a">Non-Latin script record</subfield>
      </datafield>
      <datafield tag="650" ind1=" " ind2="0">
         <subfield code="a">Neolithic period</subfield>
         <subfield code="z">Asia, Central.</subfield>
      </datafield>
      <datafield tag="650" ind1=" " ind2="0">
         <subfield code="a">Neolithic period</subfield>
         <subfield code="z">India.</subfield>
      </datafield>
      <datafield tag="651" ind1=" " ind2="0">
         <subfield code="a">Asia, Central</subfield>
         <subfield code="x">Antiquities.</subfield>
      </datafield>
      <datafield tag="651" ind1=" " ind2="0">
         <subfield code="a">India</subfield>
         <subfield code="x">Antiquities.</subfield>
      </datafield>
      <datafield tag="700" ind1="1" ind2=" ">
         <subfield code="6">880-04</subfield>
         <subfield code="a">Masson, V. M.</subfield>
         <subfield code="q">(Vadim Mikhaĭlovich),</subfield>
         <subfield code="d">1929-</subfield>
         <subfield code="e">editor.</subfield>
      </datafield>
      <datafield tag="710" ind1="2" ind2=" ">
         <subfield code="6">880-05</subfield>
         <subfield code="a">Institut arkheologii (Akademii͡a nauk SSSR)</subfield>
         <subfield code="e">issuing body.</subfield>
      </datafield>
      <datafield tag="776" ind1="0" ind2="8">
         <subfield code="i">Online version:</subfield>
         <subfield code="t">Drevnie kulʹtury Sredneĭ Azii i Indii.</subfield>
         <subfield code="d">Leningrad : "Nauka," Leningradskoe otd-nie, 1984</subfield>
         <subfield code="w">(OCoLC)570005759</subfield>
      </datafield>
      <datafield tag="700" ind1="1" ind2=" ">
         <subfield code="a">Leskov, Aleksandr Mikhaĭlovich,</subfield>
         <subfield code="e">former owner.</subfield>
         <subfield code="5">NyNyUAW</subfield>
      </datafield>
      <datafield tag="740" ind1="0" ind2=" ">
         <subfield code="a">Leskov Collection.</subfield>
         <subfield code="5">NyNyUAW</subfield>
      </datafield>
      <datafield tag="880" ind1="0" ind2="0">
         <subfield code="6">245-01/</subfield>
         <subfield code="a">Древние культуры Средней Азии и Индии /</subfield>
         <subfield code="c">под ред. В.М. Массона.</subfield>
      </datafield>
      <datafield tag="880" ind1=" " ind2=" ">
         <subfield code="6">260-02/</subfield>
         <subfield code="a">Ленинград :</subfield>
         <subfield code="b">Наука, Ленинградское отд-ние,</subfield>
         <subfield code="c">1984.</subfield>
      </datafield>
      <datafield tag="880" ind1=" " ind2=" ">
         <subfield code="6">500-03/</subfield>
         <subfield code="a">At head of title: Академия наук СССР. Институт археологии.</subfield>
      </datafield>
      <datafield tag="880" ind1="1" ind2=" ">
         <subfield code="6">700-04/</subfield>
         <subfield code="a">Массон, В. М.</subfield>
         <subfield code="q">(Вадим Михайлович).</subfield>
         <subfield code="d">1929-</subfield>
         <subfield code="e">editor.</subfield>
      </datafield>
      <datafield tag="880" ind1="2" ind2=" ">
         <subfield code="6">710-05/</subfield>
         <subfield code="a">Институт археологии (Академия наук СССР)</subfield>
         <subfield code="e">issuing body.</subfield>
      </datafield>
      <datafield tag="994" ind1=" " ind2=" ">
         <subfield code="a">Z0</subfield>
         <subfield code="b">ZYU</subfield>
      </datafield>
      <datafield tag="OWN" ind1=" " ind2=" ">
         <subfield code="a">GENERAL</subfield>
      </datafield>
      <datafield tag="AVA" ind1=" " ind2=" ">
         <subfield code="a">NYU50</subfield>
         <subfield code="b">NISAW</subfield>
         <subfield code="c">Small Collection</subfield>
         <subfield code="d">GN776.32.A783 D74 1984 Non-circulating</subfield>
         <subfield code="e">available</subfield>
         <subfield code="t">Available</subfield>
         <subfield code="f">1</subfield>
         <subfield code="g">0</subfield>
         <subfield code="h">N</subfield>
         <subfield code="i">0</subfield>
         <subfield code="j">SMALL</subfield>
         <subfield code="k">0</subfield>
      </datafield>
      <marc:datafield tag="852" ind1=" " ind2=" ">
         <marc:subfield code="b">Institute for the Study of the Ancient World, </marc:subfield>
         <marc:subfield code="c">Small Collection</marc:subfield>
         <marc:subfield code="e">15 East 84th St., </marc:subfield>
         <marc:subfield code="e">New York, NY  10028</marc:subfield>
      </marc:datafield>
   </record>