
  
  
  
  
  
  
  
  
 
  
  <record xsi:schemaLocation="http://www.loc.gov/MARC21/slim http://www.loc.gov/standards/marcxml/schema/MARC21slim.xsd">
      <leader>00000cam a22      a 4500</leader>
      <controlfield tag="FMT">BK</controlfield>
      <controlfield tag="LDR">00000cam a22      a 4500</controlfield>
      <controlfield tag="001">004507365</controlfield>
      <controlfield tag="005">20161215150001.0</controlfield>
      <controlfield tag="008">161115s1993    gw abe   b    010 0 ger</controlfield>
      <datafield tag="010" ind1=" " ind2=" ">
         <subfield code="a">   94157086</subfield>
      </datafield>
      <datafield tag="015" ind1=" " ind2=" ">
         <subfield code="a">93,N23,0462</subfield>
         <subfield code="2">dnb</subfield>
      </datafield>
      <datafield tag="015" ind1=" " ind2=" ">
         <subfield code="a">93A501874</subfield>
         <subfield code="2">dnb</subfield>
      </datafield>
      <datafield tag="015" ind1=" " ind2=" ">
         <subfield code="a">93N230462</subfield>
         <subfield code="2">dnb</subfield>
      </datafield>
      <datafield tag="016" ind1="7" ind2=" ">
         <subfield code="a">930867033</subfield>
         <subfield code="2">DE-101</subfield>
      </datafield>
      <datafield tag="020" ind1=" " ind2=" ">
         <subfield code="a">3050023902</subfield>
      </datafield>
      <datafield tag="020" ind1=" " ind2=" ">
         <subfield code="a">9783050023908</subfield>
      </datafield>
      <datafield tag="035" ind1=" " ind2=" ">
         <subfield code="a">(OCoLC)32235737</subfield>
      </datafield>
      <datafield tag="040" ind1=" " ind2=" ">
         <subfield code="a">DLC</subfield>
         <subfield code="b">eng</subfield>
         <subfield code="c">DLC</subfield>
         <subfield code="d">OCLCG</subfield>
         <subfield code="d">GBVCP</subfield>
         <subfield code="d">ZWZ</subfield>
         <subfield code="d">HEBIS</subfield>
         <subfield code="d">OCLCQ</subfield>
         <subfield code="d">OCLCO</subfield>
         <subfield code="d">OCLCF</subfield>
         <subfield code="d">OCLCQ</subfield>
         <subfield code="d">OCLCO</subfield>
         <subfield code="d">DEBBG</subfield>
         <subfield code="d">OCLCO</subfield>
         <subfield code="d">NNU</subfield>
      </datafield>
      <datafield tag="043" ind1=" " ind2=" ">
         <subfield code="a">ec-----</subfield>
      </datafield>
      <datafield tag="050" ind1="0" ind2="0">
         <subfield code="a">DAW1023</subfield>
         <subfield code="b">.K85 1993</subfield>
      </datafield>
      <datafield tag="079" ind1=" " ind2=" ">
         <subfield code="a">(OCoLC)32235737</subfield>
      </datafield>
      <datafield tag="084" ind1=" " ind2=" ">
         <subfield code="a">15.19</subfield>
         <subfield code="2">bcl</subfield>
      </datafield>
      <datafield tag="084" ind1=" " ind2=" ">
         <subfield code="a">60</subfield>
         <subfield code="a">63</subfield>
         <subfield code="2">sdnb</subfield>
      </datafield>
      <datafield tag="084" ind1=" " ind2=" ">
         <subfield code="a">6,11</subfield>
         <subfield code="2">ssgn</subfield>
      </datafield>
      <datafield tag="084" ind1=" " ind2=" ">
         <subfield code="a">6,12</subfield>
         <subfield code="2">ssgn</subfield>
      </datafield>
      <datafield tag="084" ind1=" " ind2=" ">
         <subfield code="a">708500 Kossack, Georg*by*ob</subfield>
         <subfield code="2">sbb</subfield>
      </datafield>
      <datafield tag="084" ind1=" " ind2=" ">
         <subfield code="a">NF 1063</subfield>
         <subfield code="2">rvk</subfield>
      </datafield>
      <datafield tag="084" ind1=" " ind2=" ">
         <subfield code="a">NF 1230</subfield>
         <subfield code="2">rvk</subfield>
      </datafield>
      <datafield tag="245" ind1="0" ind2="0">
         <subfield code="a">Kulturen zwischen Ost und West :</subfield>
         <subfield code="b">das Ost-West-Verhältnis in vor- und frühgeschichtlicher Zeit und sein Einfluss auf Werden und Wandel des Kulturraums Mitteleuropa /</subfield>
         <subfield code="c">herausgegeben von Amei Lang, Hermann Parzinger und Hansjörg Küster.</subfield>
      </datafield>
      <datafield tag="260" ind1=" " ind2=" ">
         <subfield code="a">Berlin :</subfield>
         <subfield code="b">Akademie Verlag,</subfield>
         <subfield code="c">©1993.</subfield>
      </datafield>
      <datafield tag="300" ind1=" " ind2=" ">
         <subfield code="a">499 pages :</subfield>
         <subfield code="b">illustrations, maps, plans ;</subfield>
         <subfield code="c">24 cm</subfield>
      </datafield>
      <datafield tag="336" ind1=" " ind2=" ">
         <subfield code="a">text</subfield>
         <subfield code="b">txt</subfield>
         <subfield code="2">rdacontent</subfield>
      </datafield>
      <datafield tag="337" ind1=" " ind2=" ">
         <subfield code="a">unmediated</subfield>
         <subfield code="b">n</subfield>
         <subfield code="2">rdamedia</subfield>
      </datafield>
      <datafield tag="338" ind1=" " ind2=" ">
         <subfield code="a">volume</subfield>
         <subfield code="b">nc</subfield>
         <subfield code="2">rdacarrier</subfield>
      </datafield>
      <datafield tag="500" ind1=" " ind2=" ">
         <subfield code="a">Festschrift in honor of Georg Kossack on his 70th birthday.</subfield>
      </datafield>
      <datafield tag="504" ind1=" " ind2=" ">
         <subfield code="a">Includes bibliographical references.</subfield>
      </datafield>
      <datafield tag="505" ind1="0" ind2="0">
         <subfield code="t">Jungsteinzeit.</subfield>
         <subfield code="t">Zwei neolithische Bootsmodelle donauländischer Kulturen /</subfield>
         <subfield code="r">Detlev Ellmers --</subfield>
         <subfield code="t">Das westliche Mitteleuropa an der Wende vom 5. zum 4. Jahrtausend : Kulturwandel durch Kulturkontakt? /</subfield>
         <subfield code="r">Wolfram Schier --</subfield>
         <subfield code="t">Michelsberg und Baalberge : Ein Beitrag zu den kulturellen Beziehungen während der frühen Kupferzeit in Deutschland /</subfield>
         <subfield code="r">Jan Lichardus und Marion Lichardus-Itten --</subfield>
         <subfield code="t">Häuser der Megalithgräberzeit /</subfield>
         <subfield code="r">Manfred Menke.</subfield>
         <subfield code="t">Vorrömische Metallzeiten.</subfield>
         <subfield code="t">Schlange oder Vogel? /</subfield>
         <subfield code="r">Günter Wetzel --</subfield>
         <subfield code="t">Billendorfer Elemente in der Dreizscher Gruppe Ostthüringens /</subfield>
         <subfield code="r">Klaus Simon --</subfield>
         <subfield code="t">Hallstattzeitliches Totenbrauchtum nördlich der Donau im Schnittpunkt zwischen Ost und West /</subfield>
         <subfield code="r">Peter Ettel --</subfield>
         <subfield code="t">Das reliefverzierte Gefässfragment vom Lochenstein /</subfield>
         <subfield code="r">Franz Rischer und Hilmar Schickler --</subfield>
         <subfield code="t">Vettersfelde, Mundolsheim, Aspres-lès-Corps : Gedanken zu einem skythischen Fund im Lichte vergleichender Archäologie /</subfield>
         <subfield code="r">Hermann Parzinger --</subfield>
         <subfield code="t">Frühkeltische Opferfunde von der Oberburg bei Egesheim, Lkr. Tuttlingen /</subfield>
         <subfield code="r">Sibylle Bauer und Hans-Peter Kuhnen --</subfield>
         <subfield code="t">Germanen im Unterinntal? Historischer Versuch und archäologische Realität /</subfield>
         <subfield code="r">Amei Lang.</subfield>
      </datafield>
      <datafield tag="505" ind1="8" ind2="0">
         <subfield code="t">Römische Kaiserzeit bis Mittelalter.</subfield>
         <subfield code="t">Einige Bemerkungen zum spätkaiser zeitlichen Körpergrab von Leuna, 1834 /</subfield>
         <subfield code="r">Rudolf Laser --</subfield>
         <subfield code="t">Verzierte Lanzenspitzen der Jüngeren Kaiserzeit : Die Vor- und Frühgeschichte und die Runeninschriften im älteren Fuþark /</subfield>
         <subfield code="r">Rolf Hachmann --</subfield>
         <subfield code="t">Mitteldeutschland in der mittelalterlichen Siedlungsgeschichte : Ein Beitrag zur Erfassung und Interpretation von Siedlungsräumen in ethnischen Kontaktgebieten /</subfield>
         <subfield code="r">Eike Gringmuth-Dallmer --</subfield>
         <subfield code="t">Fremdeinflüsse in Siedlungsbedfunden der Frühgeschichte und des Mittelalters an der holsteinischen, schleswigschen und süddänischen Westküste /</subfield>
         <subfield code="r">Ole Harck.</subfield>
         <subfield code="t">Vegetationsgeschichte.</subfield>
         <subfield code="t">Die Entstehung von Vegetationsgrenzen zwischen dem östlichen und dem westlichen Mitteleuropa während des Postglazials /</subfield>
         <subfield code="r">Hansjörg Küster --</subfield>
         <subfield code="t">Das ess ich nicht! Über Unterschiede im vor- und frühgeschichtlichen "täglich Brot" benachbarter Gebiete /</subfield>
         <subfield code="r">Helmut Kroll.</subfield>
      </datafield>
      <datafield tag="500" ind1=" " ind2=" ">
         <subfield code="a">ISAW copy is from the Library of Aleksandr Leskov.</subfield>
         <subfield code="5">NyNyUAW</subfield>
      </datafield>
      <datafield tag="651" ind1=" " ind2="0">
         <subfield code="a">Europe, Central</subfield>
         <subfield code="x">Antiquities.</subfield>
      </datafield>
      <datafield tag="651" ind1=" " ind2="0">
         <subfield code="a">Europe, Central</subfield>
         <subfield code="x">Civilization.</subfield>
      </datafield>
      <datafield tag="650" ind1=" " ind2="0">
         <subfield code="a">Prehistoric peoples</subfield>
         <subfield code="z">Europe, Central.</subfield>
      </datafield>
      <datafield tag="650" ind1=" " ind2="7">
         <subfield code="a">Antiquities.</subfield>
         <subfield code="2">fast</subfield>
         <subfield code="0">(OCoLC)fst00810745</subfield>
      </datafield>
      <datafield tag="650" ind1=" " ind2="7">
         <subfield code="a">Prehistoric peoples.</subfield>
         <subfield code="2">fast</subfield>
         <subfield code="0">(OCoLC)fst01075242</subfield>
      </datafield>
      <datafield tag="651" ind1=" " ind2="7">
         <subfield code="a">Europe, Central.</subfield>
         <subfield code="2">fast</subfield>
         <subfield code="0">(OCoLC)fst01244544</subfield>
      </datafield>
      <datafield tag="700" ind1="1" ind2=" ">
         <subfield code="a">Lang, Amei.</subfield>
      </datafield>
      <datafield tag="700" ind1="1" ind2=" ">
         <subfield code="a">Parzinger, Hermann.</subfield>
      </datafield>
      <datafield tag="700" ind1="1" ind2=" ">
         <subfield code="a">Küster, Hansjörg,</subfield>
         <subfield code="d">1956-</subfield>
      </datafield>
      <datafield tag="700" ind1="1" ind2=" ">
         <subfield code="a">Kossack, Georg.</subfield>
      </datafield>
      <datafield tag="700" ind1="1" ind2=" ">
         <subfield code="a">Leskov, Aleksandr Mikhaĭlovich,</subfield>
         <subfield code="e">former owner.</subfield>
         <subfield code="5">NyNyUAW</subfield>
      </datafield>
      <datafield tag="740" ind1="0" ind2=" ">
         <subfield code="a">Leskov Collection.</subfield>
         <subfield code="5">NyNyUAW</subfield>
      </datafield>
      <datafield tag="856" ind1=" " ind2=" ">
         <subfield code="u">http://bvbr.bib-bvb.de:8991/F?func=service&amp;doc_library=BVB01&amp;local_base=BVB01&amp;doc_number=005537253&amp;line_number=0001&amp;func_code=DB_RECORDS&amp;service_type=MEDIA</subfield>
         <subfield code="z">Inhaltsverzeichnis</subfield>
      </datafield>
      <datafield tag="OWN" ind1=" " ind2=" ">
         <subfield code="a">GENERAL</subfield>
      </datafield>
      <datafield tag="AVA" ind1=" " ind2=" ">
         <subfield code="a">NYU50</subfield>
         <subfield code="b">NISAW</subfield>
         <subfield code="c">Small Collection</subfield>
         <subfield code="d">DAW1023 .K85 1993 Non-circulating</subfield>
         <subfield code="e">available</subfield>
         <subfield code="t">Available</subfield>
         <subfield code="f">1</subfield>
         <subfield code="g">0</subfield>
         <subfield code="h">N</subfield>
         <subfield code="i">0</subfield>
         <subfield code="j">SMALL</subfield>
         <subfield code="k">0</subfield>
      </datafield>
      <marc:datafield tag="852" ind1=" " ind2=" ">
         <marc:subfield code="b">Institute for the Study of the Ancient World, </marc:subfield>
         <marc:subfield code="c">Small Collection</marc:subfield>
         <marc:subfield code="e">15 East 84th St., </marc:subfield>
         <marc:subfield code="e">New York, NY  10028</marc:subfield>
      </marc:datafield>
   </record>