
  
  
  
  
  
  
  
  
 
  
  <record xsi:schemaLocation="http://www.loc.gov/MARC21/slim http://www.loc.gov/standards/marcxml/schema/MARC21slim.xsd">
      <leader>00000cam a2200517Ii 4500</leader>
      <controlfield tag="FMT">BK</controlfield>
      <controlfield tag="LDR">00000cam a2200517Ii 4500</controlfield>
      <controlfield tag="001">004507326</controlfield>
      <controlfield tag="003">OCoLC</controlfield>
      <controlfield tag="005">20161213131032.0</controlfield>
      <controlfield tag="008">130603s2012    bu ab    b    100 0 eng d</controlfield>
      <datafield tag="020" ind1=" " ind2=" ">
         <subfield code="a">9789544006952</subfield>
         <subfield code="q">(hd. bd.)</subfield>
      </datafield>
      <datafield tag="020" ind1=" " ind2=" ">
         <subfield code="a">9544006958</subfield>
         <subfield code="q">(hd. bd.)</subfield>
      </datafield>
      <datafield tag="035" ind1=" " ind2=" ">
         <subfield code="a">(OCoLC)846556623</subfield>
      </datafield>
      <datafield tag="040" ind1=" " ind2=" ">
         <subfield code="a">OHX</subfield>
         <subfield code="b">eng</subfield>
         <subfield code="e">rda</subfield>
         <subfield code="c">OHX</subfield>
         <subfield code="d">CGU</subfield>
         <subfield code="d">OCLCF</subfield>
         <subfield code="d">EUX</subfield>
         <subfield code="d">OCLCO</subfield>
         <subfield code="d">OCL</subfield>
         <subfield code="d">OCLCO</subfield>
         <subfield code="d">S3O</subfield>
         <subfield code="d">OCLCO</subfield>
         <subfield code="d">OCLCQ</subfield>
         <subfield code="d">ZYU</subfield>
      </datafield>
      <datafield tag="041" ind1="0" ind2=" ">
         <subfield code="a">eng</subfield>
         <subfield code="a">ger</subfield>
         <subfield code="a">fre</subfield>
      </datafield>
      <datafield tag="043" ind1=" " ind2=" ">
         <subfield code="a">e------</subfield>
         <subfield code="a">e-bu---</subfield>
      </datafield>
      <datafield tag="050" ind1=" " ind2="4">
         <subfield code="a">HD9213.E852</subfield>
         <subfield code="b">S358 2012</subfield>
      </datafield>
      <datafield tag="072" ind1=" " ind2="7">
         <subfield code="a">GN</subfield>
         <subfield code="2">lcco</subfield>
      </datafield>
      <datafield tag="079" ind1=" " ind2=" ">
         <subfield code="a">(OCoLC)846556623</subfield>
      </datafield>
      <datafield tag="082" ind1="0" ind2="4">
         <subfield code="a">622.3632093989</subfield>
         <subfield code="2">23</subfield>
      </datafield>
      <datafield tag="245" ind1="0" ind2="0">
         <subfield code="a">Salt and gold :</subfield>
         <subfield code="b">the role of salt in prehistoric Europe : proceedings of the international symposium (Humboldt-Kolleg) in Provadia, Bulgaria, 30 September - 4 October 2010 /</subfield>
         <subfield code="c">edited by Vassil Nikolov and Krum Bacvarov = Salz und Gold : die Rolle des Salzes im prähistorischen Europa : Akten der internationalen Fachtagung (Humboldt-Kolleg) in Provadia, Bulgarien, 30 September - 4 October 2010 / herausgegeben von Vassil Nikolov und Krum Bacvarov.</subfield>
      </datafield>
      <datafield tag="246" ind1="3" ind2="1">
         <subfield code="a">Salz und Gold :</subfield>
         <subfield code="b">die Rolle des Salzes im prähistorischen Europa : Akten der internationalen Fachtagung (Humboldt-Kolleg) in Provadia, Bulgarien, 30 September - 4 October 2010</subfield>
      </datafield>
      <datafield tag="264" ind1=" " ind2="1">
         <subfield code="a">Veliko Tarnovo :</subfield>
         <subfield code="b">Verlag Faber,</subfield>
         <subfield code="c">2012.</subfield>
      </datafield>
      <datafield tag="300" ind1=" " ind2=" ">
         <subfield code="a">372 pages :</subfield>
         <subfield code="b">illustrations (some color), maps ;</subfield>
         <subfield code="c">30 cm</subfield>
      </datafield>
      <datafield tag="336" ind1=" " ind2=" ">
         <subfield code="a">text</subfield>
         <subfield code="b">txt</subfield>
         <subfield code="2">rdacontent</subfield>
      </datafield>
      <datafield tag="337" ind1=" " ind2=" ">
         <subfield code="a">unmediated</subfield>
         <subfield code="b">n</subfield>
         <subfield code="2">rdamedia</subfield>
      </datafield>
      <datafield tag="338" ind1=" " ind2=" ">
         <subfield code="a">volume</subfield>
         <subfield code="b">nc</subfield>
         <subfield code="2">rdacarrier</subfield>
      </datafield>
      <datafield tag="546" ind1=" " ind2=" ">
         <subfield code="a">15 English, 9 German, 3 French contributions.</subfield>
      </datafield>
      <datafield tag="504" ind1=" " ind2=" ">
         <subfield code="a">Includes bibliographical references.</subfield>
      </datafield>
      <datafield tag="505" ind1="0" ind2="0">
         <subfield code="t">Salt, early complex society, urbanization: Provadia-Solnitsata (5500-4200 BC) /</subfield>
         <subfield code="r">Vassil Nikolov --</subfield>
         <subfield code="t">La production chalcolithique du sel á Provadia-Solnitsata: de la technologie céramique aux implications socio-économiques /</subfield>
         <subfield code="r">Olivier Weller --</subfield>
         <subfield code="t">Technology of salt extraction by means of a Late Neolithic furnace from Provadia-Solnitsata /</subfield>
         <subfield code="r">Hristo Etropolski --</subfield>
         <subfield code="t">Tell Provadia-Solnitsata: The late Neolithic Karanovo III-IV period in the West Black Sea Coast context /</subfield>
         <subfield code="r">Margarita Lyuncheva --</subfield>
         <subfield code="t">Tell Provadia-Solnitsata: the Middle Chalcolithic layer in the context of the cultural development of the Western Black sea area /</subfield>
         <subfield code="r">Viktoria Petrova --</subfield>
         <subfield code="t">The late Chalcolithic at Provadia-Solnitsata in the context of the West Black Sea Coast /</subfield>
         <subfield code="r">Petar Leshtakov --</subfield>
         <subfield code="t">Saltmaking and boundaries: Within and Without at Provadia-Solnitsata /</subfield>
         <subfield code="r">Krum Bacvarov --</subfield>
         <subfield code="t">Long distance contacts in later prehistory: ecological, economical and social implications /</subfield>
         <subfield code="r">Desislava Takorova --</subfield>
         <subfield code="t">L'approvisionnement en sel des tribus chalcolithiques sédentaires et des tribus des steppes du Nord de la Mer Noire /</subfield>
         <subfield code="r">Dan Monah --</subfield>
         <subfield code="t">Analyses archéométriques sur les moules à sel chalcolithiques de l'est de la Roumanie /</subfield>
         <subfield code="r">Ion Sandu, Olivier Weller, Marius Alexianu --</subfield>
         <subfield code="t">Ethnoarchäologische Forschungen zu den Salzwasserquellen der moldauischen Vorkarpaten, Rumänien /</subfield>
         <subfield code="r">Marius Alexianu, Olivier Weller, Robin Brigand, Roxana-Gabriela Curca --</subfield>
         <subfield code="t">Prehistoric production and exchange of salt in the Carpathian-Danube Region /</subfield>
         <subfield code="r">Valeriu Cavruc, Antony Harding --</subfield>
         <subfield code="t">Zum Salz im Nordosten Olteniens (Rumänien) in der Vorgeschichte bis ins Mittelalter: Eine Einführung /</subfield>
         <subfield code="r">Cristian Schuster, Ionut Tutlescu --</subfield>
         <subfield code="t">New evidence on salt use in the Neolithic of Southeast Europe /</subfield>
         <subfield code="r">Nenad Tasic --</subfield>
         <subfield code="t">Die neolithischen Siedlungen in der mittleren Morava-Ebene und die Slatina-Toponymie /</subfield>
         <subfield code="r">Slavisa Peric --</subfield>
         <subfield code="t">Salt in the Neolithic of Central Europe: production and distribution /</subfield>
         <subfield code="r">Thomas Saile --</subfield>
      </datafield>
      <datafield tag="505" ind1="8" ind2="0">
         <subfield code="t">Bronzezeitliche Sole in Mitteldeutschland: Gewinnung, Distribution, Symbolik /</subfield>
         <subfield code="r">Albrecht Jockenhövel --</subfield>
         <subfield code="t">Prähistorischer Steinsalzbergbau: wirtschaftsarchäologische Betrachtung und neue Daten /</subfield>
         <subfield code="r">Thomas Stöllner --</subfield>
         <subfield code="t">Die Bedeutung der vorgeschichtlichen Salzgewinnung in Südwestdeutschland /</subfield>
         <subfield code="r">Martin Hees --</subfield>
         <subfield code="t">Salt production on the Tyrrhenian coast in South Lazio (Italy) during the Late Bronze Age: its significance for understanding contemporary society /</subfield>
         <subfield code="r">Peter Attema, Luca Alessandri --</subfield>
         <subfield code="t">Salt production at the Villafáfila Lake Complex (Zamora, Spain) in prehistoric times /</subfield>
         <subfield code="r">Elisa Guerra-Doce, F. Javier Abarquero-Moras, Germán Delibes-de Castro, Jesús de Val-Recio, Ángel L. Palomino-Lázaro --</subfield>
         <subfield code="t">Bereiche der zentralen Einflussnahme auf Salz im Römischen Reich am Beispiel der Provinz Dakien /</subfield>
         <subfield code="r">Isabella Tsigarida --</subfield>
         <subfield code="t">Bulgarian control over the Salt Road in Transylvania during the 9th century: the archaeological evidence /</subfield>
         <subfield code="r">Valerie Yotov --</subfield>
         <subfield code="t">Das Kochsalz: Urgeschichte und Gegenwart einer bedeutenden Substanz /</subfield>
         <subfield code="r">Evgeny Golovinsky --</subfield>
         <subfield code="t">Sodium Chloride: Food and Poison /</subfield>
         <subfield code="r">Mariana Mitewa, Christo Kolev --</subfield>
         <subfield code="t">Salt as a medicine for gold /</subfield>
         <subfield code="r">Petia Penkova --</subfield>
         <subfield code="t">Das Salz in der bulgarischen Mikrotoponymie /</subfield>
         <subfield code="r">Anna Coleva-Dimitrova.</subfield>
      </datafield>
      <datafield tag="520" ind1=" " ind2=" ">
         <subfield code="a">This is a collection of papers which have been reported on the International Symposium (Humboldt-Kolleg) in Provadia, Bulgaria 30 September-4 October 2010. The main subject on these papers is the importance, the production, the exchange etc. of salt in various parts of the lands of today's Bulgaria in the antiquity. The papers cover a large period of time from 5500-4200 BCE to 3-4 CE--publisher description.</subfield>
      </datafield>
      <datafield tag="650" ind1=" " ind2="0">
         <subfield code="a">Salt industry and trade</subfield>
         <subfield code="z">Europe</subfield>
         <subfield code="v">Congresses.</subfield>
      </datafield>
      <datafield tag="651" ind1=" " ind2="0">
         <subfield code="a">Europe</subfield>
         <subfield code="x">Antiquities</subfield>
         <subfield code="v">Congresses.</subfield>
      </datafield>
      <datafield tag="651" ind1=" " ind2="0">
         <subfield code="a">Bulgaria</subfield>
         <subfield code="x">Antiquities</subfield>
         <subfield code="v">Congresses.</subfield>
      </datafield>
      <datafield tag="650" ind1=" " ind2="0">
         <subfield code="a">Excavations (Archaeology)</subfield>
         <subfield code="z">Bulgaria</subfield>
         <subfield code="v">Congresses.</subfield>
      </datafield>
      <datafield tag="651" ind1=" " ind2="0">
         <subfield code="a">Provadii͡a-Solnit͡sata Site (Bulgaria)</subfield>
         <subfield code="v">Congresses.</subfield>
      </datafield>
      <datafield tag="651" ind1=" " ind2="7">
         <subfield code="a">Provadii͡a-Solnit͡sata.</subfield>
         <subfield code="2">pleiades</subfield>
         <subfield code="0">https://pleiades.stoa.org/places/802858342</subfield>
         <subfield code="5">NyNyUAW</subfield>
      </datafield>
      <datafield tag="651" ind1=" " ind2="4">
         <subfield code="a">Europa.</subfield>
      </datafield>
      <datafield tag="650" ind1=" " ind2="7">
         <subfield code="a">Antiquities.</subfield>
         <subfield code="2">fast</subfield>
         <subfield code="0">(OCoLC)fst00810745</subfield>
      </datafield>
      <datafield tag="650" ind1=" " ind2="7">
         <subfield code="a">Salt industry and trade.</subfield>
         <subfield code="2">fast</subfield>
         <subfield code="0">(OCoLC)fst01104260</subfield>
      </datafield>
      <datafield tag="651" ind1=" " ind2="7">
         <subfield code="a">Europe.</subfield>
         <subfield code="2">fast</subfield>
         <subfield code="0">(OCoLC)fst01245064</subfield>
      </datafield>
      <datafield tag="650" ind1=" " ind2="7">
         <subfield code="a">Salt</subfield>
         <subfield code="x">historia.</subfield>
         <subfield code="2">sao</subfield>
      </datafield>
      <datafield tag="648" ind1=" " ind2="7">
         <subfield code="a">Forntiden.</subfield>
         <subfield code="2">sao</subfield>
      </datafield>
      <datafield tag="655" ind1=" " ind2="7">
         <subfield code="a">Conference papers and proceedings.</subfield>
         <subfield code="2">fast</subfield>
         <subfield code="0">(OCoLC)fst01423772</subfield>
      </datafield>
      <datafield tag="700" ind1="1" ind2=" ">
         <subfield code="a">Nikolov, Vasil,</subfield>
         <subfield code="e">editor.</subfield>
      </datafield>
      <datafield tag="700" ind1="1" ind2=" ">
         <subfield code="a">Bŭchvarov, Krum,</subfield>
         <subfield code="e">editor.</subfield>
      </datafield>
      <datafield tag="OWN" ind1=" " ind2=" ">
         <subfield code="a">GENERAL</subfield>
      </datafield>
      <datafield tag="AVA" ind1=" " ind2=" ">
         <subfield code="a">NYU50</subfield>
         <subfield code="b">NISAW</subfield>
         <subfield code="c">Large Collection</subfield>
         <subfield code="d">HD9213.E852 S358 2012 Non-circulating</subfield>
         <subfield code="e">available</subfield>
         <subfield code="t">Available</subfield>
         <subfield code="f">1</subfield>
         <subfield code="g">0</subfield>
         <subfield code="h">N</subfield>
         <subfield code="i">0</subfield>
         <subfield code="j">LARGE</subfield>
         <subfield code="k">0</subfield>
      </datafield>
      <marc:datafield tag="852" ind1=" " ind2=" ">
         <marc:subfield code="b">Institute for the Study of the Ancient World, </marc:subfield>
         <marc:subfield code="c">Large Collection</marc:subfield>
         <marc:subfield code="e">15 East 84th St., </marc:subfield>
         <marc:subfield code="e">New York, NY  10028</marc:subfield>
      </marc:datafield>
   </record>