
  
  
  
  
  
  
  
 
  
  <record xsi:schemaLocation="http://www.loc.gov/MARC21/slim http://www.loc.gov/standards/marcxml/schema/MARC21slim.xsd">
      <leader>00000cam a2200529 i 4500</leader>
      <controlfield tag="FMT">BK</controlfield>
      <controlfield tag="LDR">00000cam a2200529 i 4500</controlfield>
      <controlfield tag="001">004149498</controlfield>
      <controlfield tag="003">OCoLC</controlfield>
      <controlfield tag="005">20161219140304.0</controlfield>
      <controlfield tag="008">140508s2014    cc abf   b    000 0 chi d</controlfield>
      <datafield tag="020" ind1=" " ind2=" ">
         <subfield code="a">9787532570959 (set)</subfield>
      </datafield>
      <datafield tag="020" ind1=" " ind2=" ">
         <subfield code="a">7532570959 (set)</subfield>
      </datafield>
      <datafield tag="035" ind1=" " ind2=" ">
         <subfield code="a">(OCoLC)879407632</subfield>
      </datafield>
      <datafield tag="040" ind1=" " ind2=" ">
         <subfield code="a">CUY</subfield>
         <subfield code="b">eng</subfield>
         <subfield code="e">rda</subfield>
         <subfield code="c">CUY</subfield>
         <subfield code="d">OCLCF</subfield>
         <subfield code="d">NNU</subfield>
      </datafield>
      <datafield tag="041" ind1="0" ind2=" ">
         <subfield code="a">chi</subfield>
         <subfield code="b">eng</subfield>
         <subfield code="f">eng</subfield>
      </datafield>
      <datafield tag="043" ind1=" " ind2=" ">
         <subfield code="a">a-ii---</subfield>
         <subfield code="a">a-cc---</subfield>
      </datafield>
      <datafield tag="050" ind1=" " ind2="4">
         <subfield code="a">BQ239.I4</subfield>
         <subfield code="b">L52 2014</subfield>
      </datafield>
      <datafield tag="066" ind1=" " ind2=" ">
         <subfield code="c">$1</subfield>
      </datafield>
      <datafield tag="079" ind1=" " ind2=" ">
         <subfield code="a">(OCoLC)879407632</subfield>
      </datafield>
      <datafield tag="100" ind1="1" ind2=" ">
         <subfield code="6">880-01</subfield>
         <subfield code="a">Li, Chongfeng,</subfield>
         <subfield code="d">1960-</subfield>
         <subfield code="e">author.</subfield>
      </datafield>
      <datafield tag="245" ind1="1" ind2="0">
         <subfield code="6">880-02</subfield>
         <subfield code="a">Fo jiao kao gu :</subfield>
         <subfield code="b">cong Yindu dao Zhongguo /</subfield>
         <subfield code="c">Li Chongfeng zhu = Buddhist archaeology : from India to China / Chongfeng Li.</subfield>
      </datafield>
      <datafield tag="246" ind1="3" ind2="1">
         <subfield code="a">Buddhist archaeology :</subfield>
         <subfield code="b">from India to China</subfield>
      </datafield>
      <datafield tag="250" ind1=" " ind2=" ">
         <subfield code="6">880-03</subfield>
         <subfield code="a">Di 1 ban.</subfield>
      </datafield>
      <datafield tag="264" ind1=" " ind2="1">
         <subfield code="6">880-04</subfield>
         <subfield code="a">Shanghai :</subfield>
         <subfield code="b">Shanghai gu ji chu ban she,</subfield>
         <subfield code="c">2014.</subfield>
      </datafield>
      <datafield tag="300" ind1=" " ind2=" ">
         <subfield code="a">2 volumes (4, 5, 934 pages, 4 unnumbered pages of plates) :</subfield>
         <subfield code="b">illustrations (some color), maps (1 folded) ;</subfield>
         <subfield code="c">27 cm</subfield>
      </datafield>
      <datafield tag="336" ind1=" " ind2=" ">
         <subfield code="a">text</subfield>
         <subfield code="2">rdacontent</subfield>
      </datafield>
      <datafield tag="337" ind1=" " ind2=" ">
         <subfield code="a">unmediated</subfield>
         <subfield code="2">rdamedia</subfield>
      </datafield>
      <datafield tag="338" ind1=" " ind2=" ">
         <subfield code="a">volume</subfield>
         <subfield code="2">rdacarrier</subfield>
      </datafield>
      <datafield tag="504" ind1=" " ind2=" ">
         <subfield code="a">Includes bibliographical references (pages [835]-898).</subfield>
      </datafield>
      <datafield tag="546" ind1=" " ind2=" ">
         <subfield code="a">Text in Chinese, six articles in English, table of contents and five articles also in English.</subfield>
      </datafield>
      <datafield tag="505" ind1="0" ind2="0">
         <subfield code="g">English table of contents:</subfield>
         <subfield code="g">Volume 1.</subfield>
         <subfield code="g">Part One.</subfield>
         <subfield code="t">Hinduka: The Origin of Buddhist Art.</subfield>
         <subfield code="t">Stūpa and Chētiyaghara --</subfield>
         <subfield code="t">A Chronology of the Chētiyagharas of Western India --</subfield>
         <subfield code="t">Ajaṇṭā Caves: A Preliminary Study.</subfield>
         <subfield code="g">Part Two.</subfield>
         <subfield code="t">Kucīna: The Intermediate Phase between the Buddhist Art of Hinduka and China Proper.</subfield>
         <subfield code="t">The Main Image on the Façade of the Stūpa-pillar in the Chētiyagharas of Kizil, Kucha --</subfield>
         <subfield code="t">The Jātakas in the Cave Temple Complex of Kizil, Kucha --</subfield>
         <subfield code="t">The Representation of Buddha's Parinirvāṇa in the Chētiyagharas of Kizil, Kucha --</subfield>
         <subfield code="t">The Image of Maitreya in the Chētiyagharas of Kizil, Kucha --</subfield>
         <subfield code="t">The Dīrghāgama Text and the Chētiyagharas of Kizil, Kucha --</subfield>
         <subfield code="t">Gandhāra and Kucha: The Case of an Iconological Relationship.</subfield>
         <subfield code="g">Part Three.</subfield>
         <subfield code="t">North China: The Sinicizing Process of Buddhist Art.</subfield>
         <subfield code="t">From Gandhāra to Pingcheng: The Layout of a Free-standing Buddhist Monastery --</subfield>
         <subfield code="t">Kumārajīva and the Early Cave-temples of China: The Case of Dhyānasūtras --</subfield>
         <subfield code="t">The Tomb Cave of Gao Huan in the Cave Temple Complex at Gushan, Handan --</subfield>
         <subfield code="t">Sengcan, The Meditation Master Ding and the Shuiyusi Caves, Handan --</subfield>
         <subfield code="t">A Chronology of the Rock-cut Caves of the Tang Dynasty at Longmen, Luoyang.</subfield>
         <subfield code="g">Volume 2.</subfield>
         <subfield code="t">Divākara, Ziangshan Monastery and the "Seven Caves" at Longmen, Luoyang --</subfield>
         <subfield code="t">The Sinicizing Process of Indian Cave-temples: the Evolution of the Lēṇa, Maṭapa and Chētiyaghara --</subfield>
         <subfield code="t">The Daqinsi Stūpa at Zhouzhi, Xi'an.</subfield>
         <subfield code="g">Part Four.</subfield>
         <subfield code="t">Sichuan and Yunnan: Epilogue of the Sinicizing Process of Buddhist Art.</subfield>
         <subfield code="t">Some Questions about the Yuanjue Caves of Anyue, Sichuan --</subfield>
         <subfield code="t">The Jianchuan Caves: The 1999 Archaeological Survey.</subfield>
      </datafield>
      <datafield tag="505" ind1="8" ind2="0">
         <subfield code="g">Part Five.</subfield>
         <subfield code="t">Historical Data and Remains: A Perspective on the Sino-Indian Buddhist Cultural Exchange.</subfield>
         <subfield code="t">Jibin and China as seen from Chinese Documents --</subfield>
         <subfield code="t">The Geography of Transmission: The "Jibin" Route and the Propagation of Buddhism in China --</subfield>
         <subfield code="t">Gandhāra, Mathurā and Buddha Images of Medieval China --</subfield>
         <subfield code="t">The Aśoka-type Buddha Images found in China --</subfield>
         <subfield code="t">An Investigation of Dvārapāla Images --</subfield>
         <subfield code="t">Regarding the Bodhi Image.</subfield>
      </datafield>
      <datafield tag="650" ind1=" " ind2="0">
         <subfield code="a">Buddhist architecture</subfield>
         <subfield code="z">India.</subfield>
      </datafield>
      <datafield tag="650" ind1=" " ind2="0">
         <subfield code="a">Buddhist architecture</subfield>
         <subfield code="z">China.</subfield>
      </datafield>
      <datafield tag="650" ind1=" " ind2="0">
         <subfield code="a">Buddhist cave temples</subfield>
         <subfield code="z">India.</subfield>
      </datafield>
      <datafield tag="650" ind1=" " ind2="0">
         <subfield code="a">Buddhist cave temples</subfield>
         <subfield code="z">China.</subfield>
      </datafield>
      <datafield tag="650" ind1=" " ind2="0">
         <subfield code="a">Buddhist antiquities</subfield>
         <subfield code="z">India.</subfield>
      </datafield>
      <datafield tag="650" ind1=" " ind2="0">
         <subfield code="a">Buddhist antiquities</subfield>
         <subfield code="z">China.</subfield>
      </datafield>
      <datafield tag="651" ind1=" " ind2="0">
         <subfield code="a">China</subfield>
         <subfield code="x">Antiquities.</subfield>
      </datafield>
      <datafield tag="651" ind1=" " ind2="0">
         <subfield code="a">India</subfield>
         <subfield code="x">Antiquities.</subfield>
      </datafield>
      <datafield tag="880" ind1="1" ind2=" ">
         <subfield code="6">100-01/</subfield>
         <subfield code="a">李崇峰,</subfield>
         <subfield code="d">1960-</subfield>
         <subfield code="e">author.</subfield>
      </datafield>
      <datafield tag="880" ind1="1" ind2="0">
         <subfield code="6">245-02/</subfield>
         <subfield code="a">佛教考古 :</subfield>
         <subfield code="b">从印度到中国 /</subfield>
         <subfield code="c">李崇峰著 = Buddhist archaeology : from India to China / Chongfeng Li.</subfield>
      </datafield>
      <datafield tag="880" ind1=" " ind2=" ">
         <subfield code="6">250-03/</subfield>
         <subfield code="a">第1版.</subfield>
      </datafield>
      <datafield tag="880" ind1=" " ind2="1">
         <subfield code="6">264-04/</subfield>
         <subfield code="a">上海 :</subfield>
         <subfield code="b">上海古籍出版社,</subfield>
         <subfield code="c">2014.</subfield>
      </datafield>
      <datafield tag="OWN" ind1=" " ind2=" ">
         <subfield code="a">GENERAL</subfield>
      </datafield>
      <datafield tag="AVA" ind1=" " ind2=" ">
         <subfield code="a">NYU50</subfield>
         <subfield code="b">BOBST</subfield>
         <subfield code="c">East Asian</subfield>
         <subfield code="d">BQ239.I4 L52 2014</subfield>
         <subfield code="e">available</subfield>
         <subfield code="t">Available</subfield>
         <subfield code="f">2</subfield>
         <subfield code="g">0</subfield>
         <subfield code="h">Y</subfield>
         <subfield code="i">0</subfield>
         <subfield code="j">EASIA</subfield>
         <subfield code="k">0</subfield>
      </datafield>
      <datafield tag="AVA" ind1=" " ind2=" ">
         <subfield code="a">NYU50</subfield>
         <subfield code="b">NIFA</subfield>
         <subfield code="c">Asian</subfield>
         <subfield code="d">BQ239.I4 L52 2014 Non-circulating</subfield>
         <subfield code="e">available</subfield>
         <subfield code="t">Available</subfield>
         <subfield code="f">2</subfield>
         <subfield code="g">0</subfield>
         <subfield code="h">Y</subfield>
         <subfield code="i">0</subfield>
         <subfield code="j">ASIAN</subfield>
         <subfield code="k">0</subfield>
      </datafield>
      <datafield tag="AVA" ind1=" " ind2=" ">
         <subfield code="a">NYU50</subfield>
         <subfield code="b">NISAW</subfield>
         <subfield code="c">Small Collection</subfield>
         <subfield code="d">BQ239.I4 L52 2014 Non-circulating</subfield>
         <subfield code="e">available</subfield>
         <subfield code="t">Available</subfield>
         <subfield code="f">2</subfield>
         <subfield code="g">0</subfield>
         <subfield code="h">Y</subfield>
         <subfield code="i">0</subfield>
         <subfield code="j">SMALL</subfield>
         <subfield code="k">0</subfield>
      </datafield>
      <marc:datafield tag="852" ind1=" " ind2=" ">
         <marc:subfield code="b">Institute for the Study of the Ancient World, </marc:subfield>
         <marc:subfield code="c">Small Collection</marc:subfield>
         <marc:subfield code="e">15 East 84th St., </marc:subfield>
         <marc:subfield code="e">New York, NY  10028</marc:subfield>
      </marc:datafield>
   </record>