
  
  
  
  
  
  
  
 
  
  <record xsi:schemaLocation="http://www.loc.gov/MARC21/slim http://www.loc.gov/standards/marcxml/schema/MARC21slim.xsd">
      <leader>00000cam a2200745 i 4500</leader>
      <controlfield tag="FMT">BK</controlfield>
      <controlfield tag="LDR">00000cam a2200745 i 4500</controlfield>
      <controlfield tag="001">004507878</controlfield>
      <controlfield tag="003">OCoLC</controlfield>
      <controlfield tag="005">20161116152703.0</controlfield>
      <controlfield tag="008">161116s2015    cc a     b    100 0 chi</controlfield>
      <datafield tag="010" ind1=" " ind2=" ">
         <subfield code="a">2015406067</subfield>
      </datafield>
      <datafield tag="020" ind1=" " ind2=" ">
         <subfield code="a">9787547508282</subfield>
      </datafield>
      <datafield tag="020" ind1=" " ind2=" ">
         <subfield code="a">7547508286</subfield>
      </datafield>
      <datafield tag="035" ind1=" " ind2=" ">
         <subfield code="a">(OCoLC)922019566</subfield>
      </datafield>
      <datafield tag="040" ind1=" " ind2=" ">
         <subfield code="a">DLC</subfield>
         <subfield code="b">eng</subfield>
         <subfield code="e">rda</subfield>
         <subfield code="c">DLC</subfield>
         <subfield code="d">LNN</subfield>
         <subfield code="d">OCLCF</subfield>
         <subfield code="d">YUS</subfield>
         <subfield code="d">EYM</subfield>
         <subfield code="d">OCLCO</subfield>
         <subfield code="d">OCLCA</subfield>
         <subfield code="d">OCL</subfield>
         <subfield code="d">OCLCO</subfield>
         <subfield code="d">OCL</subfield>
         <subfield code="d">OCLCO</subfield>
         <subfield code="d">OSU</subfield>
         <subfield code="d">OCLCO</subfield>
      </datafield>
      <datafield tag="041" ind1="0" ind2=" ">
         <subfield code="a">chi</subfield>
         <subfield code="a">eng</subfield>
      </datafield>
      <datafield tag="042" ind1=" " ind2=" ">
         <subfield code="a">pcc</subfield>
      </datafield>
      <datafield tag="043" ind1=" " ind2=" ">
         <subfield code="a">a-cc---</subfield>
      </datafield>
      <datafield tag="050" ind1="0" ind2="0">
         <subfield code="a">PL2447</subfield>
         <subfield code="b">.J539 2013</subfield>
      </datafield>
      <datafield tag="066" ind1=" " ind2=" ">
         <subfield code="c">$1</subfield>
      </datafield>
      <datafield tag="079" ind1=" " ind2=" ">
         <subfield code="a">(OCoLC)922019566</subfield>
      </datafield>
      <datafield tag="111" ind1="2" ind2=" ">
         <subfield code="6">880-01</subfield>
         <subfield code="a">"Jian bo wen xian yu gu dai shi" guo ji xue shu yan tao hui ji di er jie chu tu wen xian qing nian xue zhe guo ji lun tan</subfield>
         <subfield code="d">(2013 :</subfield>
         <subfield code="c">Fu dan da xue)</subfield>
      </datafield>
      <datafield tag="245" ind1="1" ind2="0">
         <subfield code="6">880-02</subfield>
         <subfield code="a">Jian bo wen xian yu gu dai shi :</subfield>
         <subfield code="b">di er jie chu tu wen xian qing nian xue zhe guo ji lun tan lun wen ji /</subfield>
         <subfield code="c">Fu dan da xue li shi xue xi, Fu dan da xue chu tu wen xian yu gu wen zi yan jiu zhong xin bian.</subfield>
      </datafield>
      <datafield tag="246" ind1="3" ind2="0">
         <subfield code="6">880-03</subfield>
         <subfield code="a">Di er jie chu tu wen xian qing nian xue zhe guo ji lun tan lun wen ji</subfield>
      </datafield>
      <datafield tag="246" ind1="3" ind2=" ">
         <subfield code="6">880-04</subfield>
         <subfield code="a">Di 2 jie chu tu wen xian qing nian xue zhe guo ji lun tan lun wen ji</subfield>
      </datafield>
      <datafield tag="250" ind1=" " ind2=" ">
         <subfield code="6">880-05</subfield>
         <subfield code="a">Di 1 ban.</subfield>
      </datafield>
      <datafield tag="264" ind1=" " ind2="1">
         <subfield code="6">880-06</subfield>
         <subfield code="a">Shanghai Shi :</subfield>
         <subfield code="b">Zhong xi shu ju,</subfield>
         <subfield code="c">2015.</subfield>
      </datafield>
      <datafield tag="300" ind1=" " ind2=" ">
         <subfield code="a">2, 255 pages :</subfield>
         <subfield code="b">illustrations ;</subfield>
         <subfield code="c">27 cm</subfield>
      </datafield>
      <datafield tag="336" ind1=" " ind2=" ">
         <subfield code="a">text</subfield>
         <subfield code="b">txt</subfield>
         <subfield code="2">rdacontent</subfield>
      </datafield>
      <datafield tag="337" ind1=" " ind2=" ">
         <subfield code="a">unmediated</subfield>
         <subfield code="b">n</subfield>
         <subfield code="2">rdamedia</subfield>
      </datafield>
      <datafield tag="338" ind1=" " ind2=" ">
         <subfield code="a">volume</subfield>
         <subfield code="b">nc</subfield>
         <subfield code="2">rdacarrier</subfield>
      </datafield>
      <datafield tag="500" ind1=" " ind2=" ">
         <subfield code="6">880-07</subfield>
         <subfield code="a">"2013 Nian 10 yue 19 ri... 'Jian bo wen xian yu gu dai shi' guo ji xue shu yan tao hui ji di er jie chu tu wen xian qing nian xue zhe lun tan zai Fu dan da xue guang hua lou 2001 hui yi shi shun li zhao kai"-Postscript.</subfield>
      </datafield>
      <datafield tag="504" ind1=" " ind2=" ">
         <subfield code="a">Includes bibliographical references.</subfield>
      </datafield>
      <datafield tag="546" ind1=" " ind2=" ">
         <subfield code="a">One article in English.</subfield>
      </datafield>
      <datafield tag="505" ind1="0" ind2="0">
         <subfield code="t">Shi shi jia gu wen zi "zheng" : cong Chu wen zi "zheng" zi rui qi /</subfield>
         <subfield code="r">He Jingcheng --</subfield>
         <subfield code="t">Shuo "ni" ji xiang guan zhu zi : jia gu wen suo jian de dong wu zhi shi san /</subfield>
         <subfield code="r">Dan Yuchen --</subfield>
         <subfield code="t">Shang bo Chu jian "Cheng wang wei cheng pu zhi xing" de nei rong yu jie gou /</subfield>
         <subfield code="r">Caoye Youzi --</subfield>
         <subfield code="t">Shang bo jiu bian y lian er ti /</subfield>
         <subfield code="r">Li Songru --</subfield>
         <subfield code="t">Shangbo jian "Bang ren bu cheng" bian lian yu xiang guan shi shi yan jiu /</subfield>
         <subfield code="r">Cao Fangxiang --</subfield>
         <subfield code="t">Du Qing hua jian "Shuo ming" xiao shi /</subfield>
         <subfield code="r">Zhang Fuhai --</subfield>
         <subfield code="t">Qing hua jian "Shuo ming" de wen xian te zhi : yi tian de si xiang wei zhong xin /</subfield>
         <subfield code="r">Jincheng Weilai --</subfield>
         <subfield code="t">Qing hua jian "Ji nian" yu "Zhu shu xi nian" suo zai xiang guan shi liao de yi tong /</subfield>
         <subfield code="r">Chen Li --</subfield>
         <subfield code="t">Qing hua jian "xi nian" tan Zhan guo chu Chu shi nian dai de wen ti /</subfield>
         <subfield code="r">Li Rui --</subfield>
         <subfield code="t">Li yong chu tu Zhan guo yu lei wen xian kao shi Zhan guo Chu jin wen, Qin jian du wen zi (er ze) /</subfield>
         <subfield code="r">He Youzu --</subfield>
         <subfield code="t">Jingmen Zuozhong qi ju wen zi shi du (er ze) /</subfield>
         <subfield code="r">Li Chuntao --</subfield>
         <subfield code="t">You guan li shu xing cheng de ruo gan wen ti xin tan /</subfield>
         <subfield code="r">Guo Yongbing --</subfield>
         <subfield code="t">Cong chu tu zi liao kan Chu zhao shi de zu yuan, zao qi shi xi ji ming shi fan wei /</subfield>
         <subfield code="r">Tian Chengfang --</subfield>
      </datafield>
      <datafield tag="505" ind1="0" ind2="0">
         <subfield code="t">Baoshan Chu jian suo jian Sima de jing ji zhi neng /</subfield>
         <subfield code="r">You Yifei --</subfield>
         <subfield code="t">Guodian jian "Yu cong" zhu pian suo wei"mao" zi xin shi : jian lun "wen" ,"du" er zi /</subfield>
         <subfield code="r">Huang Ren'er --</subfield>
         <subfield code="t">Liye Qin fang yu "shu tong wen zi" /</subfield>
         <subfield code="r">Chen Kanli --</subfield>
         <subfield code="t">Convict labor in the Qin empire : a preliminary study of the "Registers of convict laborers" from Liye /</subfield>
         <subfield code="r">Maxim Korolkov(Ma Shuo) --</subfield>
         <subfield code="t">Han dai hun yin xing tai xiao kao : guan yu "Er nian lü ling" suo jian"xia qi" , "pian qi" /</subfield>
         <subfield code="r">Zuozuomu Manshi --</subfield>
         <subfield code="t">Zhangjiashan er si qi hao Han mu "Er nian lü ling zhi lü " chao xie nian dai yan jiu : yi Han chu Houguo jian zhi wei zhong xin /</subfield>
         <subfield code="r">Ma Menglong --</subfield>
         <subfield code="t">Mawangdui bo shu "De sheng" pian yan jiu : jian tan Guodian jian "Tai yi sheng shui" de fen pian, fen zhang ji qi yu "Laozi" de guan xi /</subfield>
         <subfield code="r">Wu Kejing --</subfield>
         <subfield code="t">Beijing da xue cang Xi Han zhu shu "Zhou xun" yan jiu er ti /</subfield>
         <subfield code="r">Lin Zhifeng --</subfield>
         <subfield code="t">"Jianshui Jin Guan han jian (yi)" li pu jian chu tan /</subfield>
         <subfield code="r">Cheng Shaoxuan --</subfield>
         <subfield code="t">Zoumalou Wu jian ju si xue bu zheng li yu yan jiu : jian lun Sun Wu de zhan mu /</subfield>
         <subfield code="r">Ling Wenchao.</subfield>
      </datafield>
      <datafield tag="650" ind1=" " ind2="0">
         <subfield code="a">Inscriptions, Chinese</subfield>
         <subfield code="x">History and criticism</subfield>
         <subfield code="v">Congresses.</subfield>
      </datafield>
      <datafield tag="650" ind1=" " ind2="0">
         <subfield code="a">Manuscripts, Chinese</subfield>
         <subfield code="v">Congresses.</subfield>
      </datafield>
      <datafield tag="651" ind1=" " ind2="0">
         <subfield code="a">China</subfield>
         <subfield code="x">Antiquities</subfield>
         <subfield code="v">Congresses.</subfield>
      </datafield>
      <datafield tag="650" ind1=" " ind2="7">
         <subfield code="6">880-08</subfield>
         <subfield code="a">Antiquities.</subfield>
         <subfield code="2">fast</subfield>
         <subfield code="0">(OCoLC)fst00810745</subfield>
      </datafield>
      <datafield tag="650" ind1=" " ind2="7">
         <subfield code="6">880-09</subfield>
         <subfield code="a">Inscriptions, Chinese.</subfield>
         <subfield code="2">fast</subfield>
         <subfield code="0">(OCoLC)fst00973859</subfield>
      </datafield>
      <datafield tag="650" ind1=" " ind2="7">
         <subfield code="6">880-10</subfield>
         <subfield code="a">Manuscripts, Chinese.</subfield>
         <subfield code="2">fast</subfield>
         <subfield code="0">(OCoLC)fst01008310</subfield>
      </datafield>
      <datafield tag="651" ind1=" " ind2="7">
         <subfield code="6">880-11</subfield>
         <subfield code="a">China.</subfield>
         <subfield code="2">fast</subfield>
         <subfield code="0">(OCoLC)fst01206073</subfield>
      </datafield>
      <datafield tag="655" ind1=" " ind2="7">
         <subfield code="6">880-12</subfield>
         <subfield code="a">Conference papers and proceedings.</subfield>
         <subfield code="2">fast</subfield>
         <subfield code="0">(OCoLC)fst01423772</subfield>
      </datafield>
      <datafield tag="655" ind1=" " ind2="7">
         <subfield code="6">880-13</subfield>
         <subfield code="a">Criticism, interpretation, etc.</subfield>
         <subfield code="2">fast</subfield>
         <subfield code="0">(OCoLC)fst01411635</subfield>
      </datafield>
      <datafield tag="710" ind1="2" ind2=" ">
         <subfield code="6">880-14</subfield>
         <subfield code="a">Fu dan da xue (Shanghai, China).</subfield>
         <subfield code="b">Li shi xi,</subfield>
         <subfield code="e">editor.</subfield>
      </datafield>
      <datafield tag="710" ind1="2" ind2=" ">
         <subfield code="6">880-15</subfield>
         <subfield code="a">Fu dan da xue (Shanghai, China).</subfield>
         <subfield code="b">Chu tu wen xian yu gu wen zi yan jiu zhong xin,</subfield>
         <subfield code="e">editor.</subfield>
      </datafield>
      <datafield tag="880" ind1="2" ind2=" ">
         <subfield code="6">111-01/</subfield>
         <subfield code="a">"簡帛文獻與古代史"國際學術研討會暨第二屆出土文獻青年學者論壇</subfield>
         <subfield code="d">(2013 :</subfield>
         <subfield code="c">Fu dan da xue)</subfield>
      </datafield>
      <datafield tag="880" ind1="1" ind2="0">
         <subfield code="6">245-02/</subfield>
         <subfield code="a">簡帛文獻與古代史 :</subfield>
         <subfield code="b">第二届出土文獻青年學者國際論壇論文集 /</subfield>
         <subfield code="c">復旦大學歷史學系, 復旦大學出土文獻與古文字研究中心編.</subfield>
      </datafield>
      <datafield tag="880" ind1="3" ind2="0">
         <subfield code="6">246-03/</subfield>
         <subfield code="a">第二届出土文獻青年學者國際論壇論文集</subfield>
      </datafield>
      <datafield tag="880" ind1="3" ind2=" ">
         <subfield code="6">246-04/</subfield>
         <subfield code="a">第2届出土文獻青年學者國際論壇論文集</subfield>
      </datafield>
      <datafield tag="880" ind1=" " ind2=" ">
         <subfield code="6">250-05/</subfield>
         <subfield code="a">第 1 版.</subfield>
      </datafield>
      <datafield tag="880" ind1=" " ind2="1">
         <subfield code="6">264-06/</subfield>
         <subfield code="a">上海市 :</subfield>
         <subfield code="b">中西書局,</subfield>
         <subfield code="c">2015.</subfield>
      </datafield>
      <datafield tag="880" ind1=" " ind2=" ">
         <subfield code="6">500-07/</subfield>
         <subfield code="a">"2013年10月19日...'簡帛文獻與古代史'國際學術研討會暨第二屆出土文獻青年學者論壇在復旦大學光華樓2001會議室順利召開"-Postscript.</subfield>
      </datafield>
      <datafield tag="880" ind1=" " ind2="7">
         <subfield code="6">650-08/</subfield>
         <subfield code="a">古物.</subfield>
         <subfield code="2">lcstt</subfield>
         <subfield code="0">http://catld.ncl.edu.tw/subject/sh0002645</subfield>
      </datafield>
      <datafield tag="880" ind1=" " ind2="7">
         <subfield code="6">650-09/</subfield>
         <subfield code="a">中國碑帖.</subfield>
         <subfield code="2">local/OSU</subfield>
      </datafield>
      <datafield tag="880" ind1=" " ind2="7">
         <subfield code="6">650-10/</subfield>
         <subfield code="a">中國手稿.</subfield>
         <subfield code="2">local/OSU</subfield>
      </datafield>
      <datafield tag="880" ind1=" " ind2="7">
         <subfield code="6">651-11/</subfield>
         <subfield code="a">中國.</subfield>
         <subfield code="2">lcstt</subfield>
         <subfield code="0">http://catld.ncl.edu.tw/subject/sh0001067</subfield>
      </datafield>
      <datafield tag="880" ind1=" " ind2="7">
         <subfield code="6">655-12/</subfield>
         <subfield code="a">文集.</subfield>
         <subfield code="2">lcstt</subfield>
         <subfield code="0">http://catld.ncl.edu.tw/subject/sh0002021</subfield>
      </datafield>
      <datafield tag="880" ind1=" " ind2="7">
         <subfield code="6">655-13/</subfield>
         <subfield code="a">批評, 解釋等.</subfield>
         <subfield code="2">csht</subfield>
      </datafield>
      <datafield tag="880" ind1=" " ind2="7">
         <subfield code="6">650-00/</subfield>
         <subfield code="a">帛書.</subfield>
         <subfield code="2">lcstt</subfield>
         <subfield code="0">http://catld.ncl.edu.tw/subject/sh0006055</subfield>
      </datafield>
      <datafield tag="880" ind1=" " ind2="7">
         <subfield code="6">655-00/</subfield>
         <subfield code="a">文學評論.</subfield>
         <subfield code="2">lcstt</subfield>
         <subfield code="0">http://catld.ncl.edu.tw/subject/sh0002036</subfield>
      </datafield>
      <datafield tag="880" ind1="2" ind2=" ">
         <subfield code="6">710-14/</subfield>
         <subfield code="a">復旦大學 (Shanghai, China).</subfield>
         <subfield code="b">歷史系,</subfield>
         <subfield code="e">editor.</subfield>
      </datafield>
      <datafield tag="880" ind1="2" ind2=" ">
         <subfield code="6">710-15/</subfield>
         <subfield code="a">復旦大學 (Shanghai, China).</subfield>
         <subfield code="b">出土文獻與古文字研究中心,</subfield>
         <subfield code="e">editor.</subfield>
      </datafield>
      <datafield tag="880" ind1="2" ind2=" ">
         <subfield code="6">711-00/</subfield>
         <subfield code="a">出土文献青年学者论坛</subfield>
         <subfield code="n">(2nd :</subfield>
         <subfield code="d">2013 :</subfield>
         <subfield code="c">Fu dan da xue)</subfield>
      </datafield>
      <datafield tag="994" ind1=" " ind2=" ">
         <subfield code="a">Z0</subfield>
         <subfield code="b">ZYU</subfield>
      </datafield>
      <datafield tag="OWN" ind1=" " ind2=" ">
         <subfield code="a">GENERAL</subfield>
      </datafield>
      <datafield tag="AVA" ind1=" " ind2=" ">
         <subfield code="a">NYU50</subfield>
         <subfield code="b">NISAW</subfield>
         <subfield code="c">Large Collection</subfield>
         <subfield code="d">PL2447 .J539 2013 Non-circulating</subfield>
         <subfield code="e">available</subfield>
         <subfield code="t">Available</subfield>
         <subfield code="f">1</subfield>
         <subfield code="g">0</subfield>
         <subfield code="h">N</subfield>
         <subfield code="i">0</subfield>
         <subfield code="j">LARGE</subfield>
         <subfield code="k">0</subfield>
      </datafield>
      <marc:datafield tag="852" ind1=" " ind2=" ">
         <marc:subfield code="b">Institute for the Study of the Ancient World, </marc:subfield>
         <marc:subfield code="c">Large Collection</marc:subfield>
         <marc:subfield code="e">15 East 84th St., </marc:subfield>
         <marc:subfield code="e">New York, NY  10028</marc:subfield>
      </marc:datafield>
   </record>