
  
  
  
  
  
  
 
  
  <record xsi:schemaLocation="http://www.loc.gov/MARC21/slim http://www.loc.gov/standards/marcxml/schema/MARC21slim.xsd">
      <leader>00000cam a2200577Ii 4500</leader>
      <controlfield tag="FMT">BK</controlfield>
      <controlfield tag="LDR">00000cam a2200577Ii 4500</controlfield>
      <controlfield tag="001">004510159</controlfield>
      <controlfield tag="003">OCoLC</controlfield>
      <controlfield tag="005">20161118091836.0</controlfield>
      <controlfield tag="008">161118s2015    cc a     b    000 0 chi d</controlfield>
      <datafield tag="020" ind1=" " ind2=" ">
         <subfield code="a">9787030446015</subfield>
      </datafield>
      <datafield tag="020" ind1=" " ind2=" ">
         <subfield code="a">7030446011</subfield>
      </datafield>
      <datafield tag="035" ind1=" " ind2=" ">
         <subfield code="a">(OCoLC)920666789</subfield>
      </datafield>
      <datafield tag="040" ind1=" " ind2=" ">
         <subfield code="a">BCBTC</subfield>
         <subfield code="b">eng</subfield>
         <subfield code="e">rda</subfield>
         <subfield code="c">BCBTC</subfield>
         <subfield code="d">CNPIT</subfield>
         <subfield code="d">OCLCQ</subfield>
         <subfield code="d">HUA</subfield>
         <subfield code="d">OCLCF</subfield>
         <subfield code="d">ZCU</subfield>
         <subfield code="d">NNU</subfield>
      </datafield>
      <datafield tag="041" ind1="0" ind2=" ">
         <subfield code="a">chi</subfield>
         <subfield code="b">eng</subfield>
         <subfield code="f">eng</subfield>
      </datafield>
      <datafield tag="043" ind1=" " ind2=" ">
         <subfield code="a">a-cc-ti</subfield>
      </datafield>
      <datafield tag="050" ind1=" " ind2="4">
         <subfield code="a">DS785</subfield>
         <subfield code="b">.L825 2015</subfield>
      </datafield>
      <datafield tag="066" ind1=" " ind2=" ">
         <subfield code="c">$1</subfield>
      </datafield>
      <datafield tag="100" ind1="1" ind2=" ">
         <subfield code="6">880-01</subfield>
         <subfield code="a">Lü, Hongliang,</subfield>
         <subfield code="d">1977-</subfield>
         <subfield code="e">author.</subfield>
      </datafield>
      <datafield tag="245" ind1="1" ind2="0">
         <subfield code="6">880-02</subfield>
         <subfield code="a">Kua Ximalaya de wen hua hu dong :</subfield>
         <subfield code="b">Xizang xi bu shi qian kao gu yan jiu /</subfield>
         <subfield code="c">Lü Hongliang zhu = Trans-Himalayan interaction : an archaeological study of the prehistory of western Tibet / by Lu Hongliang.</subfield>
      </datafield>
      <datafield tag="246" ind1="3" ind2="0">
         <subfield code="6">880-03</subfield>
         <subfield code="a">Xizang xi bu shi qian kao gu yan jiu</subfield>
      </datafield>
      <datafield tag="246" ind1="3" ind2="1">
         <subfield code="a">Trans-Himalayan interaction :</subfield>
         <subfield code="b">an archaeological study of the prehistory of western Tibet</subfield>
      </datafield>
      <datafield tag="250" ind1=" " ind2=" ">
         <subfield code="6">880-04</subfield>
         <subfield code="a">Di yi ban.</subfield>
      </datafield>
      <datafield tag="264" ind1=" " ind2="1">
         <subfield code="6">880-05</subfield>
         <subfield code="a">Beijing :</subfield>
         <subfield code="b">Ke xue chu ban she,</subfield>
         <subfield code="c">2015.</subfield>
      </datafield>
      <datafield tag="300" ind1=" " ind2=" ">
         <subfield code="a">206 pages :</subfield>
         <subfield code="b">illustrations ;</subfield>
         <subfield code="c">27 cm</subfield>
      </datafield>
      <datafield tag="336" ind1=" " ind2=" ">
         <subfield code="a">text</subfield>
         <subfield code="b">txt</subfield>
         <subfield code="2">rdacontent</subfield>
      </datafield>
      <datafield tag="337" ind1=" " ind2=" ">
         <subfield code="a">unmediated</subfield>
         <subfield code="b">n</subfield>
         <subfield code="2">rdamedia</subfield>
      </datafield>
      <datafield tag="338" ind1=" " ind2=" ">
         <subfield code="a">volume</subfield>
         <subfield code="b">nc</subfield>
         <subfield code="2">rdacarrier</subfield>
      </datafield>
      <datafield tag="500" ind1=" " ind2=" ">
         <subfield code="6">880-06</subfield>
         <subfield code="a">"Sichuan da xue-liu xue ke jian she zhuan xiang jing fei zi zhu you xiu qing nian xue shu zhu zuo cong shu"--Cover.</subfield>
      </datafield>
      <datafield tag="504" ind1=" " ind2=" ">
         <subfield code="a">Includes bibliographical references (pages 178-206)</subfield>
      </datafield>
      <datafield tag="546" ind1=" " ind2=" ">
         <subfield code="a">Abstract and table of contents also in English.</subfield>
      </datafield>
      <datafield tag="651" ind1=" " ind2="0">
         <subfield code="a">Tibet Autonomous Region (China)</subfield>
         <subfield code="x">History.</subfield>
      </datafield>
      <datafield tag="651" ind1=" " ind2="0">
         <subfield code="a">Tibet Autonomous Region (China)</subfield>
         <subfield code="x">Antiquities.</subfield>
      </datafield>
      <datafield tag="650" ind1=" " ind2="0">
         <subfield code="a">Stone age</subfield>
         <subfield code="z">China</subfield>
         <subfield code="z">Tibet Autonomous Region.</subfield>
      </datafield>
      <datafield tag="650" ind1=" " ind2="7">
         <subfield code="a">Antiquities.</subfield>
         <subfield code="2">fast</subfield>
         <subfield code="0">(OCoLC)fst00810745</subfield>
      </datafield>
      <datafield tag="650" ind1=" " ind2="7">
         <subfield code="a">Stone age.</subfield>
         <subfield code="2">fast</subfield>
         <subfield code="0">(OCoLC)fst01133823</subfield>
      </datafield>
      <datafield tag="651" ind1=" " ind2="7">
         <subfield code="a">China</subfield>
         <subfield code="z">Tibet Autonomous Region.</subfield>
         <subfield code="2">fast</subfield>
         <subfield code="0">(OCoLC)fst01758817</subfield>
      </datafield>
      <datafield tag="655" ind1=" " ind2="7">
         <subfield code="a">History.</subfield>
         <subfield code="2">fast</subfield>
         <subfield code="0">(OCoLC)fst01411628</subfield>
      </datafield>
      <datafield tag="880" ind1="1" ind2=" ">
         <subfield code="6">100-01/</subfield>
         <subfield code="a">吕红亮,</subfield>
         <subfield code="d">1977-</subfield>
         <subfield code="e">author.</subfield>
      </datafield>
      <datafield tag="880" ind1="1" ind2="0">
         <subfield code="6">245-02/</subfield>
         <subfield code="a">跨喜马拉雅的文化互动 :</subfield>
         <subfield code="b">西藏西部史前考古研究 /</subfield>
         <subfield code="c">吕红亮著 = Trans-Himalayan interaction : an archaeological study of the prehistory of western Tibet / by Lu Hongliang.</subfield>
      </datafield>
      <datafield tag="880" ind1="3" ind2="0">
         <subfield code="6">246-03/</subfield>
         <subfield code="a">西藏西部史前考古研究</subfield>
      </datafield>
      <datafield tag="880" ind1=" " ind2=" ">
         <subfield code="6">250-04/</subfield>
         <subfield code="a">第一版.</subfield>
      </datafield>
      <datafield tag="880" ind1=" " ind2="1">
         <subfield code="6">264-05/</subfield>
         <subfield code="a">北京 :</subfield>
         <subfield code="b">科学出版社,</subfield>
         <subfield code="c">2015.</subfield>
      </datafield>
      <datafield tag="880" ind1=" " ind2=" ">
         <subfield code="6">500-06/</subfield>
         <subfield code="a">"四川大学--流学科建设专项经费资助优秀青年学术著作丛书"--Cover.</subfield>
      </datafield>
      <datafield tag="880" ind1=" " ind2=" ">
         <subfield code="6">520-00/</subfield>
         <subfield code="a">本书主要着眼于西周至汉晋时期与中西文化交流有关的珠饰种类, 通过它们各自不同情况的具体梳理和分析, 追溯其意匠源头;在此基础上, 通过观察母型在传播过程中的形态及使用功能的变异, 研究外来文化因素进入中国以后与本土文化的碰撞与融合的情况, 进而分析中国文化面对外来文化因素的调适机制;并通过分析外来珠饰传播的可能中介者, 勾勒其传播的途径, 结合不同种类珠饰流行的时代的编年分析以及流行地域等情况, 以其时欧亚大陆的宏观历史背景为参照, 总结西周到汉晋时期外来珠饰乃至中西文化交流的阶段性特征.</subfield>
      </datafield>
      <datafield tag="994" ind1=" " ind2=" ">
         <subfield code="a">Z0</subfield>
         <subfield code="b">ZYU</subfield>
      </datafield>
      <datafield tag="OWN" ind1=" " ind2=" ">
         <subfield code="a">GENERAL</subfield>
      </datafield>
      <datafield tag="AVA" ind1=" " ind2=" ">
         <subfield code="a">NYU50</subfield>
         <subfield code="b">NISAW</subfield>
         <subfield code="c">Large Collection</subfield>
         <subfield code="d">DS785 .L825 2015 Non-circulating</subfield>
         <subfield code="e">available</subfield>
         <subfield code="t">Available</subfield>
         <subfield code="f">1</subfield>
         <subfield code="g">0</subfield>
         <subfield code="h">N</subfield>
         <subfield code="i">0</subfield>
         <subfield code="j">LARGE</subfield>
         <subfield code="k">0</subfield>
      </datafield>
      <marc:datafield tag="852" ind1=" " ind2=" ">
         <marc:subfield code="b">Institute for the Study of the Ancient World, </marc:subfield>
         <marc:subfield code="c">Large Collection</marc:subfield>
         <marc:subfield code="e">15 East 84th St., </marc:subfield>
         <marc:subfield code="e">New York, NY  10028</marc:subfield>
      </marc:datafield>
   </record>