
  
  
  
  
  
  
  
  
 
  
  <record xsi:schemaLocation="http://www.loc.gov/MARC21/slim http://www.loc.gov/standards/marcxml/schema/MARC21slim.xsd">
      <leader>00000cam a22      i 4500</leader>
      <controlfield tag="FMT">BK</controlfield>
      <controlfield tag="LDR">00000cam a22      i 4500</controlfield>
      <controlfield tag="001">004512648</controlfield>
      <controlfield tag="005">20161213162757.0</controlfield>
      <controlfield tag="008">161120s2012    fr abef  b    101 0 fre</controlfield>
      <datafield tag="010" ind1=" " ind2=" ">
         <subfield code="a">  2013430562</subfield>
      </datafield>
      <datafield tag="020" ind1=" " ind2=" ">
         <subfield code="a">9782753519787</subfield>
         <subfield code="q">(pbk. PUR)</subfield>
      </datafield>
      <datafield tag="020" ind1=" " ind2=" ">
         <subfield code="a">2753519781</subfield>
         <subfield code="q">(pbk. PUR)</subfield>
      </datafield>
      <datafield tag="020" ind1=" " ind2=" ">
         <subfield code="a">9782918887119</subfield>
         <subfield code="q">(pbk. CJB)</subfield>
      </datafield>
      <datafield tag="020" ind1=" " ind2=" ">
         <subfield code="a">2918887110</subfield>
         <subfield code="q">(pbk. CJB)</subfield>
      </datafield>
      <datafield tag="035" ind1=" " ind2=" ">
         <subfield code="a">(OCoLC)861966705</subfield>
         <subfield code="z">(OCoLC)842837349</subfield>
      </datafield>
      <datafield tag="040" ind1=" " ind2=" ">
         <subfield code="a">DLC</subfield>
         <subfield code="b">eng</subfield>
         <subfield code="e">rda</subfield>
         <subfield code="c">DLC</subfield>
         <subfield code="d">OCLCO</subfield>
         <subfield code="d">C3L</subfield>
         <subfield code="d">OCLCQ</subfield>
         <subfield code="d">NYP</subfield>
         <subfield code="d">OCLCF</subfield>
         <subfield code="d">OCLCQ</subfield>
         <subfield code="d">NNU</subfield>
      </datafield>
      <datafield tag="041" ind1="0" ind2=" ">
         <subfield code="a">fre</subfield>
         <subfield code="a">eng</subfield>
         <subfield code="a">ita</subfield>
      </datafield>
      <datafield tag="042" ind1=" " ind2=" ">
         <subfield code="a">pcc</subfield>
      </datafield>
      <datafield tag="043" ind1=" " ind2=" ">
         <subfield code="a">mm-----</subfield>
         <subfield code="a">e-fr---</subfield>
      </datafield>
      <datafield tag="050" ind1="0" ind2="0">
         <subfield code="a">GT2341.M47</subfield>
         <subfield code="b">H84 2012</subfield>
      </datafield>
      <datafield tag="079" ind1=" " ind2=" ">
         <subfield code="a">(OCoLC)861966705</subfield>
      </datafield>
      <datafield tag="082" ind1="0" ind2="4">
         <subfield code="a">391</subfield>
         <subfield code="2">21</subfield>
      </datafield>
      <datafield tag="245" ind1="0" ind2="4">
         <subfield code="a">Les huiles parfumées en Méditerranée occidentale et en Gaule, VIIIe s. av.-VIIIe s. apr. J.-C. :</subfield>
         <subfield code="b">actes du colloque organisé par l'Université de Bretagne sud et l'Université de La Rochelle dans le cadre du programme de recherche Perhamo de l'Agence nationale de la recherche /</subfield>
         <subfield code="c">sous la direction de Dominique Frère et Laurent Hugot.</subfield>
      </datafield>
      <datafield tag="264" ind1=" " ind2="1">
         <subfield code="a">Rennes :</subfield>
         <subfield code="b">Presses Universitaires de Rennes ;</subfield>
         <subfield code="a">Naploli (Italia) :</subfield>
         <subfield code="b">Centre Jean Bérard,</subfield>
         <subfield code="c">[2012]</subfield>
      </datafield>
      <datafield tag="300" ind1=" " ind2=" ">
         <subfield code="a">364 pages, 32 pages of plates :</subfield>
         <subfield code="b">illustrations (some color), maps (some color), plans (some color) ;</subfield>
         <subfield code="c">28 cm.</subfield>
      </datafield>
      <datafield tag="336" ind1=" " ind2=" ">
         <subfield code="a">text</subfield>
         <subfield code="b">txt</subfield>
         <subfield code="2">rdacontent</subfield>
      </datafield>
      <datafield tag="337" ind1=" " ind2=" ">
         <subfield code="a">unmediated</subfield>
         <subfield code="b">n</subfield>
         <subfield code="2">rdamedia</subfield>
      </datafield>
      <datafield tag="338" ind1=" " ind2=" ">
         <subfield code="a">volume</subfield>
         <subfield code="b">nc</subfield>
         <subfield code="2">rdacarrier</subfield>
      </datafield>
      <datafield tag="490" ind1="1" ind2=" ">
         <subfield code="a">Archéologie et culture,</subfield>
         <subfield code="x">1761-8754</subfield>
      </datafield>
      <datafield tag="490" ind1="1" ind2=" ">
         <subfield code="a">Centre Jean Bérard ;</subfield>
         <subfield code="v">38</subfield>
      </datafield>
      <datafield tag="500" ind1=" " ind2=" ">
         <subfield code="a">"Ce colloque s'est tenu à Rome (École française de Rome) du 16 au 18 novembre 2009."</subfield>
      </datafield>
      <datafield tag="504" ind1=" " ind2=" ">
         <subfield code="a">Includes bibliographical references (pages 323-356) and index.</subfield>
      </datafield>
      <datafield tag="505" ind1="0" ind2="0">
         <subfield code="t">Méthodologies et analyses de laboratoire.</subfield>
         <subfield code="t">Enjeux méthodologiques pour l'identification des sources végétales des parfums /</subfield>
         <subfield code="r">Elisabeth Dodinet --</subfield>
         <subfield code="t">Parfums et arboriculture Oléicole : apports et limites de l'achéologie /</subfield>
         <subfield code="r">Romana Harfouche et Pierre Poupet --</subfield>
         <subfield code="t">Ingrédients d'Orient, parfums d'Orient : l'origine des matières premières des parfums et le problème de leur region d'élaboration /</subfield>
         <subfield code="r">Valérie Salle --</subfield>
         <subfield code="t">Une histoire de l'analyse chimique des parfums archéologiques : 160 ans de développement scientifique /</subfield>
         <subfield code="r">Nicolas Garnier --</subfield>
         <subfield code="t">A multianalytical approach in the chemical characterisation of the Etruscan ointment of Thana Plecunia (Chiusi, Italy) /</subfield>
         <subfield code="r">Gianna Giachi [and 3 others] --</subfield>
         <subfield code="t">Castor oil in late antique amphorae and jugs /</subfield>
         <subfield code="r">Alessandra Pecci [and 8 others].</subfield>
         <subfield code="t">Synthèses chronologiques et régionales.</subfield>
         <subfield code="t">Aux origines de la vogue des vases à parfum et onguents étrusques : Réception et transmission (Xe-VIIe AV. J.-C.) /</subfield>
         <subfield code="r">Jean Gran-Americh --</subfield>
         <subfield code="t">A proposito delle fiaschette del nuovo anno e di altre classi di aegyptiaca diffuse intorno al mediterraneo /</subfield>
         <subfield code="r">Giuseppina Capriotti Vittozzi --</subfield>
         <subfield code="t">Sull'introduzione del profumo fra i popoli italici /</subfield>
         <subfield code="r">Vincenzo Bellelli et Paola Santoro --</subfield>
         <subfield code="t">L'alabastre attique : distribution et usages en méditerranée occidentale /</subfield>
         <subfield code="r">Isabelle Algrain --</subfield>
         <subfield code="t">L'implantation de l'olivier en Espagne : La production d'huile à l'époque ibérique /</subfield>
         <subfield code="r">Isabel Bonora Andujar.</subfield>
      </datafield>
      <datafield tag="505" ind1="8" ind2="0">
         <subfield code="t">Fouilles et matériel archéologique.</subfield>
         <subfield code="t">Le site phénico-punique de Pani-Loriga (Sardaigne) : interprétation et contextualisation des résultats d'analyses organiques de contenus /</subfield>
         <subfield code="r">Massimo Botto et Ida Oggiano --</subfield>
         <subfield code="t">La tomba e il proeumo di Thana Plecunia di Chiusi /</subfield>
         <subfield code="r">Mario Iozzo --</subfield>
         <subfield code="t">Les "balsamaires" en contexte funéraire à Lyon/Lugdunum (Ie-IIe s. apr. J.-C.) : un état de la question /</subfield>
         <subfield code="r">Laudine Robin et Tony Silvion avec la collaboration de Nicolas Garnier --</subfield>
         <subfield code="t">Pigments, cosmétiques ou médicaments? Dans la tombe gallo-romaine de Saint-Médard-des-Prés (Vendée) /</subfield>
         <subfield code="r">Jacques Santrot et Sophie Corson avec le concours d'Émile Bernard [and 3 others].</subfield>
         <subfield code="t">Statut et usages des huiles, onguents et parfums.</subfield>
         <subfield code="t">L'huile et le corps médical : usages de l'huile dans la pharmacopée des médecins hippocratiques /</subfield>
         <subfield code="r">Lydie Bodiou --</subfield>
         <subfield code="t">Nella bottega del profumiere : segreti e trucchi di mestiere nel De odoribus di Teofrasto /</subfield>
         <subfield code="r">Giuseppe Squillace --</subfield>
         <subfield code="t">Le vase à parfum comme support de l'écriture : enquête sur les inscriptions grecques et étrusques sur vases à parfum (VIIe-VIIe s. Av. J.-c) /</subfield>
         <subfield code="r">Gilles Van Heems --</subfield>
         <subfield code="t">La pantera, il cacciatore e il profumo : riflessioni intorno a due aryballoi del chimaera group a gela /</subfield>
         <subfield code="r">Claudia Lambrugo --</subfield>
         <subfield code="t">Les aryballes laconiens : statut du vase et échanges aristocratiques en méditerranée occidentale à l'époque archaique /</subfield>
         <subfield code="r">Fabienne Coudin --</subfield>
         <subfield code="t">L'emploi des huiles, des onguents et des parfums dans l'entretien des statues en Grèce ancienne /</subfield>
         <subfield code="r">Evridiki Leka --</subfield>
         <subfield code="t">Usages et images des huiles et parfums dans l'armée romaine impériale /</subfield>
         <subfield code="r">Patrice Faure --</subfield>
         <subfield code="t">Les huiles et leurs usages en terre d'islam à partir du VIIe siècle /</subfield>
         <subfield code="r">Julie Hugot --</subfield>
         <subfield code="t">Conclusion /</subfield>
         <subfield code="r">Laurent Hugot.</subfield>
      </datafield>
      <datafield tag="546" ind1=" " ind2=" ">
         <subfield code="a">French, English, Italian.</subfield>
      </datafield>
      <datafield tag="650" ind1=" " ind2="0">
         <subfield code="a">Perfumes</subfield>
         <subfield code="z">Mediterranean Region</subfield>
         <subfield code="v">Congresses</subfield>
         <subfield code="x">History.</subfield>
      </datafield>
      <datafield tag="650" ind1=" " ind2="0">
         <subfield code="a">Perfumes</subfield>
         <subfield code="z">Gaul</subfield>
         <subfield code="v">Congresses</subfield>
         <subfield code="x">History.</subfield>
      </datafield>
      <datafield tag="650" ind1=" " ind2="0">
         <subfield code="a">Perfume paraphernalia</subfield>
         <subfield code="z">Gaul</subfield>
         <subfield code="v">Congresses</subfield>
         <subfield code="x">History.</subfield>
      </datafield>
      <datafield tag="650" ind1=" " ind2="0">
         <subfield code="a">Perfume paraphernalia</subfield>
         <subfield code="z">Mediterranean Region</subfield>
         <subfield code="v">Congresses</subfield>
         <subfield code="x">History.</subfield>
      </datafield>
      <datafield tag="651" ind1=" " ind2="0">
         <subfield code="a">Gaul</subfield>
         <subfield code="v">Congresses</subfield>
         <subfield code="x">Antiquities.</subfield>
      </datafield>
      <datafield tag="651" ind1=" " ind2="0">
         <subfield code="a">Mediterranean Region</subfield>
         <subfield code="v">Congresses</subfield>
         <subfield code="x">Antiquities.</subfield>
      </datafield>
      <datafield tag="650" ind1=" " ind2="0">
         <subfield code="a">Excavations (Archaeology)</subfield>
         <subfield code="z">Mediterranean Region</subfield>
         <subfield code="v">Congresses.</subfield>
      </datafield>
      <datafield tag="650" ind1=" " ind2="0">
         <subfield code="a">Excavations (Archaeology)</subfield>
         <subfield code="z">Gaul</subfield>
         <subfield code="v">Congresses.</subfield>
      </datafield>
      <datafield tag="650" ind1=" " ind2="7">
         <subfield code="a">Perfume paraphernalia.</subfield>
         <subfield code="2">fast</subfield>
         <subfield code="0">(OCoLC)fst01057968</subfield>
      </datafield>
      <datafield tag="650" ind1=" " ind2="7">
         <subfield code="a">Perfumes.</subfield>
         <subfield code="2">fast</subfield>
         <subfield code="0">(OCoLC)fst01057972</subfield>
      </datafield>
      <datafield tag="651" ind1=" " ind2="7">
         <subfield code="a">Europe</subfield>
         <subfield code="z">Gaul.</subfield>
         <subfield code="2">fast</subfield>
         <subfield code="0">(OCoLC)fst01240016</subfield>
      </datafield>
      <datafield tag="651" ind1=" " ind2="7">
         <subfield code="a">Mediterranean Region.</subfield>
         <subfield code="2">fast</subfield>
         <subfield code="0">(OCoLC)fst01239752</subfield>
      </datafield>
      <datafield tag="655" ind1=" " ind2="7">
         <subfield code="a">Conference papers and proceedings.</subfield>
         <subfield code="2">fast</subfield>
         <subfield code="0">(OCoLC)fst01423772</subfield>
      </datafield>
      <datafield tag="655" ind1=" " ind2="7">
         <subfield code="a">History.</subfield>
         <subfield code="2">fast</subfield>
         <subfield code="0">(OCoLC)fst01411628</subfield>
      </datafield>
      <datafield tag="700" ind1="1" ind2=" ">
         <subfield code="a">Frère, Dominique,</subfield>
         <subfield code="e">editor.</subfield>
      </datafield>
      <datafield tag="700" ind1="1" ind2=" ">
         <subfield code="a">Hugot, Laurent,</subfield>
         <subfield code="e">editor.</subfield>
      </datafield>
      <datafield tag="710" ind1="2" ind2=" ">
         <subfield code="a">Université de Bretagne sud,</subfield>
         <subfield code="e">sponsoring body.</subfield>
      </datafield>
      <datafield tag="710" ind1="2" ind2=" ">
         <subfield code="a">Université de La Rochelle,</subfield>
         <subfield code="e">sponsoring body.</subfield>
      </datafield>
      <datafield tag="710" ind1="2" ind2=" ">
         <subfield code="a">École française de Rome,</subfield>
         <subfield code="e">host institution.</subfield>
      </datafield>
      <datafield tag="830" ind1=" " ind2="0">
         <subfield code="a">Collection "Archéologie et culture."</subfield>
         <subfield code="x">1761-8754</subfield>
      </datafield>
      <datafield tag="OWN" ind1=" " ind2=" ">
         <subfield code="a">GENERAL</subfield>
      </datafield>
      <datafield tag="AVA" ind1=" " ind2=" ">
         <subfield code="a">NYU50</subfield>
         <subfield code="b">NISAW</subfield>
         <subfield code="c">Large Collection</subfield>
         <subfield code="d">GT2341.M47 H84 2012 Non-circulating</subfield>
         <subfield code="e">available</subfield>
         <subfield code="t">Available</subfield>
         <subfield code="f">1</subfield>
         <subfield code="g">0</subfield>
         <subfield code="h">N</subfield>
         <subfield code="i">0</subfield>
         <subfield code="j">LARGE</subfield>
         <subfield code="k">0</subfield>
      </datafield>
      <marc:datafield tag="852" ind1=" " ind2=" ">
         <marc:subfield code="b">Institute for the Study of the Ancient World, </marc:subfield>
         <marc:subfield code="c">Large Collection</marc:subfield>
         <marc:subfield code="e">15 East 84th St., </marc:subfield>
         <marc:subfield code="e">New York, NY  10028</marc:subfield>
      </marc:datafield>
   </record>