
  
  
  
  
  
  
  
  
 
  
  <record xsi:schemaLocation="http://www.loc.gov/MARC21/slim http://www.loc.gov/standards/marcxml/schema/MARC21slim.xsd">
      <leader>00000cam a22     Ia 4500</leader>
      <controlfield tag="FMT">BK</controlfield>
      <controlfield tag="LDR">00000cam a22     Ia 4500</controlfield>
      <controlfield tag="001">004512726</controlfield>
      <controlfield tag="005">20161205154637.0</controlfield>
      <controlfield tag="008">161121s2011    enkabe   b    100 0 eng d</controlfield>
      <datafield tag="016" ind1="7" ind2=" ">
         <subfield code="a">015748831</subfield>
         <subfield code="2">Uk</subfield>
      </datafield>
      <datafield tag="020" ind1=" " ind2=" ">
         <subfield code="a">9781842174296</subfield>
         <subfield code="q">(pbk.)</subfield>
      </datafield>
      <datafield tag="020" ind1=" " ind2=" ">
         <subfield code="a">1842174290</subfield>
         <subfield code="q">(pbk.)</subfield>
      </datafield>
      <datafield tag="035" ind1=" " ind2=" ">
         <subfield code="a">(OCoLC)749864974</subfield>
      </datafield>
      <datafield tag="040" ind1=" " ind2=" ">
         <subfield code="a">BTCTA</subfield>
         <subfield code="b">eng</subfield>
         <subfield code="c">STF</subfield>
         <subfield code="d">UKMGB</subfield>
         <subfield code="d">VP@</subfield>
         <subfield code="d">OCLCO</subfield>
         <subfield code="d">OCLCF</subfield>
         <subfield code="d">MEAUC</subfield>
         <subfield code="d">OCL</subfield>
         <subfield code="d">OCLCQ</subfield>
         <subfield code="d">LTU</subfield>
         <subfield code="d">ZYU</subfield>
      </datafield>
      <datafield tag="043" ind1=" " ind2=" ">
         <subfield code="a">f-ua---</subfield>
      </datafield>
      <datafield tag="050" ind1=" " ind2="4">
         <subfield code="a">DT61</subfield>
         <subfield code="b">.C78 2010</subfield>
      </datafield>
      <datafield tag="079" ind1=" " ind2=" ">
         <subfield code="a">(OCoLC)749864974</subfield>
      </datafield>
      <datafield tag="082" ind1="0" ind2="4">
         <subfield code="a">932</subfield>
         <subfield code="2">23</subfield>
      </datafield>
      <datafield tag="111" ind1="2" ind2=" ">
         <subfield code="a">Current Research in Egyptology Symposium</subfield>
         <subfield code="n">(11th :</subfield>
         <subfield code="d">2010 :</subfield>
         <subfield code="c">Rijksuniversiteit te Leiden)</subfield>
      </datafield>
      <datafield tag="245" ind1="1" ind2="0">
         <subfield code="a">Current research in Egyptology 2010 :</subfield>
         <subfield code="b">proceedings of the eleventh annual symposium : which took place at Leiden University, the Netherlands, January 2010 /</subfield>
         <subfield code="c">edited by Maarten Horn [and others].</subfield>
      </datafield>
      <datafield tag="260" ind1=" " ind2=" ">
         <subfield code="a">Oxford, UK</subfield>
         <subfield code="b">Oxbow Books ;</subfield>
         <subfield code="a">Oakville, CT :</subfield>
         <subfield code="b">David Brown Book Co. [distributor],</subfield>
         <subfield code="c">©2011.</subfield>
      </datafield>
      <datafield tag="300" ind1=" " ind2=" ">
         <subfield code="a">x, 205 pages :</subfield>
         <subfield code="b">illustrations, maps, plans ;</subfield>
         <subfield code="c">25 cm</subfield>
      </datafield>
      <datafield tag="336" ind1=" " ind2=" ">
         <subfield code="a">text</subfield>
         <subfield code="b">txt</subfield>
         <subfield code="2">rdacontent</subfield>
      </datafield>
      <datafield tag="337" ind1=" " ind2=" ">
         <subfield code="a">unmediated</subfield>
         <subfield code="b">n</subfield>
         <subfield code="2">rdamedia</subfield>
      </datafield>
      <datafield tag="338" ind1=" " ind2=" ">
         <subfield code="a">volume</subfield>
         <subfield code="b">nc</subfield>
         <subfield code="2">rdacarrier</subfield>
      </datafield>
      <datafield tag="504" ind1=" " ind2=" ">
         <subfield code="a">Includes bibliographical references.</subfield>
      </datafield>
      <datafield tag="505" ind1="0" ind2="0">
         <subfield code="t">"Out of bounds -- priests' property." The status of the Ptolemaic kings at Memphis /</subfield>
         <subfield code="r">Heba Abd El Gawad --</subfield>
         <subfield code="t">Protecting personhood: the role of the Sacred Eye in ensuring the continuing identity of the deceased /</subfield>
         <subfield code="r">Nathalie Andrews --</subfield>
         <subfield code="t">Egyptian mud dwellings: an ethnoarchaeological perspective /</subfield>
         <subfield code="r">Maria Correas-Amador --</subfield>
         <subfield code="t">Reconstructing and re-editing the archive of Bishop Pesynthios of Koptos/Keft (7th century) /</subfield>
         <subfield code="r">Renate Dekker --</subfield>
         <subfield code="t">Models from Predynastic daily life: a view from Naqada /</subfield>
         <subfield code="r">Grazia Antonella Di Pietro --</subfield>
         <subfield code="t">Lunar and Sothic data from the archive of el-Lahun revisited: chronology of the Middle Kingdom /</subfield>
         <subfield code="r">Rita Gautschy --</subfield>
         <subfield code="t">Egyptian pots, Aegean chronology and radiocarbon dating: recent research on Egypt and the Aegean early Late Bronze Age /</subfield>
         <subfield code="r">Felix Hoflmayer --</subfield>
         <subfield code="t">Myth and cosmography: on the union of Re and Osiris in two types of religious discourse /</subfield>
         <subfield code="r">Jens Blach Jørgensen --</subfield>
         <subfield code="t">Rage like an Egyptian: the conceptualization of anger /</subfield>
         <subfield code="r">Ines Kohler --</subfield>
         <subfield code="t">The Persians and Atum worship in Egypt's 27th dynasty /</subfield>
         <subfield code="r">Jared B. Krebsbach --</subfield>
         <subfield code="t">An elite quarter of Avaris/Tell el-Dab'a /</subfield>
         <subfield code="r">Miriam Muller --</subfield>
         <subfield code="t">The increasing emphasis on collateral and female kin in the late Middle Kingdom and Second Intermediate Period: the vivification formula as a case study /</subfield>
         <subfield code="r">Melinda G. Nelson-Hurst --</subfield>
         <subfield code="t">Yes dear! Spousal dynamics in the Late Ramesside Letters /</subfield>
         <subfield code="r">Kim Ridealgh --</subfield>
         <subfield code="t">The 'co-regency' of Hatshepsut and Thutmose III in the light of iconography in the temple of Hatshepsut at Deir el-Bahari /</subfield>
         <subfield code="r">Marta Sankiewicz --</subfield>
         <subfield code="t">Interpreting figural graffiti: case studies from a funerary context /</subfield>
         <subfield code="r">Nico Staring --</subfield>
         <subfield code="t">The function of metaphor in The Tale of the Eloquent Peasant: preliminary considerations /</subfield>
         <subfield code="r">Linda Steynor --</subfield>
         <subfield code="t">The manipulation of human remains in Predynastic Egypt: preliminary observations /</subfield>
         <subfield code="r">Veronica Tamorri --</subfield>
         <subfield code="t">Balancing the gods: planned decoration in the temple of Kalabsha /</subfield>
         <subfield code="r">Carina van den Hoven --</subfield>
      </datafield>
      <datafield tag="505" ind1="8" ind2="0">
         <subfield code="a">Some thoughts on the "false doors" at Dier el -Medina /</subfield>
         <subfield code="r">Lara Weiss.</subfield>
      </datafield>
      <datafield tag="650" ind1=" " ind2="0">
         <subfield code="a">Egyptology</subfield>
         <subfield code="v">Congresses.</subfield>
      </datafield>
      <datafield tag="651" ind1=" " ind2="0">
         <subfield code="a">Egypt</subfield>
         <subfield code="x">Antiquities</subfield>
         <subfield code="v">Congresses.</subfield>
      </datafield>
      <datafield tag="650" ind1=" " ind2="0">
         <subfield code="a">Excavations (Archaeology)</subfield>
         <subfield code="z">Egypt</subfield>
         <subfield code="v">Congresses.</subfield>
      </datafield>
      <datafield tag="651" ind1=" " ind2="0">
         <subfield code="a">Egypt</subfield>
         <subfield code="x">History</subfield>
         <subfield code="y">To 332 B.C.</subfield>
         <subfield code="v">Congresses.</subfield>
      </datafield>
      <datafield tag="651" ind1=" " ind2="0">
         <subfield code="a">Egypt</subfield>
         <subfield code="x">Civilization</subfield>
         <subfield code="y">To 332 B.C.</subfield>
         <subfield code="v">Congresses.</subfield>
      </datafield>
      <datafield tag="651" ind1=" " ind2="0">
         <subfield code="a">Egypt</subfield>
         <subfield code="x">Civilization</subfield>
         <subfield code="y">332 B.C.-638 A.D.</subfield>
         <subfield code="v">Congresses.</subfield>
      </datafield>
      <datafield tag="650" ind1=" " ind2="7">
         <subfield code="a">Antiquities.</subfield>
         <subfield code="2">fast</subfield>
         <subfield code="0">(OCoLC)fst00810745</subfield>
      </datafield>
      <datafield tag="650" ind1=" " ind2="7">
         <subfield code="a">Egyptology.</subfield>
         <subfield code="2">fast</subfield>
         <subfield code="0">(OCoLC)fst00904000</subfield>
      </datafield>
      <datafield tag="651" ind1=" " ind2="7">
         <subfield code="a">Egypt.</subfield>
         <subfield code="2">fast</subfield>
         <subfield code="0">(OCoLC)fst01208755</subfield>
      </datafield>
      <datafield tag="648" ind1=" " ind2="7">
         <subfield code="a">To 332 B.C.</subfield>
         <subfield code="2">fast</subfield>
      </datafield>
      <datafield tag="655" ind1=" " ind2="7">
         <subfield code="a">Conference papers and proceedings.</subfield>
         <subfield code="2">fast</subfield>
         <subfield code="0">(OCoLC)fst01423772</subfield>
      </datafield>
      <datafield tag="655" ind1=" " ind2="7">
         <subfield code="a">History.</subfield>
         <subfield code="2">fast</subfield>
         <subfield code="0">(OCoLC)fst01411628</subfield>
      </datafield>
      <datafield tag="700" ind1="1" ind2=" ">
         <subfield code="a">Horn, Maarten.</subfield>
      </datafield>
      <datafield tag="OWN" ind1=" " ind2=" ">
         <subfield code="a">GENERAL</subfield>
      </datafield>
      <datafield tag="AVA" ind1=" " ind2=" ">
         <subfield code="a">NYU50</subfield>
         <subfield code="b">NISAW</subfield>
         <subfield code="c">Small Collection</subfield>
         <subfield code="d">DT61 .C78 2010 Non-circulating</subfield>
         <subfield code="e">available</subfield>
         <subfield code="t">Available</subfield>
         <subfield code="f">1</subfield>
         <subfield code="g">0</subfield>
         <subfield code="h">N</subfield>
         <subfield code="i">0</subfield>
         <subfield code="j">SMALL</subfield>
         <subfield code="k">0</subfield>
      </datafield>
      <marc:datafield tag="852" ind1=" " ind2=" ">
         <marc:subfield code="b">Institute for the Study of the Ancient World, </marc:subfield>
         <marc:subfield code="c">Small Collection</marc:subfield>
         <marc:subfield code="e">15 East 84th St., </marc:subfield>
         <marc:subfield code="e">New York, NY  10028</marc:subfield>
      </marc:datafield>
   </record>