
  
  
  
  
  
  
  
  
 
  
  <record xsi:schemaLocation="http://www.loc.gov/MARC21/slim http://www.loc.gov/standards/marcxml/schema/MARC21slim.xsd">
      <leader>00000cam a22      i 4500</leader>
      <controlfield tag="FMT">BK</controlfield>
      <controlfield tag="LDR">00000cam a22      i 4500</controlfield>
      <controlfield tag="001">004512743</controlfield>
      <controlfield tag="005">20161209165922.0</controlfield>
      <controlfield tag="006">m        d</controlfield>
      <controlfield tag="008">161121t20122012enkabe   b    100 0 eng d</controlfield>
      <datafield tag="015" ind1=" " ind2=" ">
         <subfield code="a">GBB227338</subfield>
         <subfield code="2">bnb</subfield>
      </datafield>
      <datafield tag="016" ind1="7" ind2=" ">
         <subfield code="a">016050387</subfield>
         <subfield code="2">Uk</subfield>
      </datafield>
      <datafield tag="020" ind1=" " ind2=" ">
         <subfield code="a">9781842174982</subfield>
         <subfield code="q">(hbk.)</subfield>
      </datafield>
      <datafield tag="020" ind1=" " ind2=" ">
         <subfield code="a">1842174983</subfield>
         <subfield code="q">(hbk.)</subfield>
      </datafield>
      <datafield tag="020" ind1=" " ind2=" ">
         <subfield code="a">9781842177228</subfield>
      </datafield>
      <datafield tag="020" ind1=" " ind2=" ">
         <subfield code="a">1842177222</subfield>
      </datafield>
      <datafield tag="035" ind1=" " ind2=" ">
         <subfield code="a">(OCoLC)780335626</subfield>
         <subfield code="z">(OCoLC)871830402</subfield>
      </datafield>
      <datafield tag="040" ind1=" " ind2=" ">
         <subfield code="a">UKMGB</subfield>
         <subfield code="b">eng</subfield>
         <subfield code="e">rda</subfield>
         <subfield code="c">UKMGB</subfield>
         <subfield code="d">YDXCP</subfield>
         <subfield code="d">CDX</subfield>
         <subfield code="d">MEAUC</subfield>
         <subfield code="d">OCLCO</subfield>
         <subfield code="d">OSU</subfield>
         <subfield code="d">OCLCQ</subfield>
         <subfield code="d">OCLCF</subfield>
         <subfield code="d">OCLCO</subfield>
         <subfield code="d">OCL</subfield>
         <subfield code="d">OCLCQ</subfield>
         <subfield code="d">OTZ</subfield>
         <subfield code="d">ZYU</subfield>
      </datafield>
      <datafield tag="043" ind1=" " ind2=" ">
         <subfield code="a">f-ua---</subfield>
      </datafield>
      <datafield tag="050" ind1=" " ind2="4">
         <subfield code="a">DT61</subfield>
         <subfield code="b">.C78 2011</subfield>
      </datafield>
      <datafield tag="050" ind1=" " ind2="4">
         <subfield code="a">DT60</subfield>
         <subfield code="b">.C855 2011</subfield>
      </datafield>
      <datafield tag="082" ind1="0" ind2="4">
         <subfield code="a">932</subfield>
         <subfield code="2">23</subfield>
      </datafield>
      <datafield tag="111" ind1="2" ind2=" ">
         <subfield code="a">Current Research in Egyptology Symposium</subfield>
         <subfield code="n">(12th :</subfield>
         <subfield code="d">2011 :</subfield>
         <subfield code="c">Durham, England)</subfield>
      </datafield>
      <datafield tag="245" ind1="1" ind2="0">
         <subfield code="a">Current research in Egyptology 2011 :</subfield>
         <subfield code="b">proceedings of the twelfth annual symposium : which took place at Durham University, United Kingdom March, 2011 /</subfield>
         <subfield code="c">edited by Heba Abd El Gawad, Nathalie Andrews, Maria Correas-Amador, Veronica Tamorri and James Taylor.</subfield>
      </datafield>
      <datafield tag="246" ind1="3" ind2="0">
         <subfield code="a">Proceedings of the twelfth annual symposium</subfield>
      </datafield>
      <datafield tag="264" ind1=" " ind2="1">
         <subfield code="a">Oxford, United Kingdom :</subfield>
         <subfield code="b">Oxbow Books,</subfield>
         <subfield code="c">[2012]</subfield>
      </datafield>
      <datafield tag="264" ind1=" " ind2="2">
         <subfield code="a">Oakville, Connecticut :</subfield>
         <subfield code="b">The David Brown Book Company</subfield>
      </datafield>
      <datafield tag="264" ind1=" " ind2="4">
         <subfield code="c">©2012</subfield>
      </datafield>
      <datafield tag="300" ind1=" " ind2=" ">
         <subfield code="a">ix, 220 pages :</subfield>
         <subfield code="b">illustrations, map, plans ;</subfield>
         <subfield code="c">25 cm</subfield>
      </datafield>
      <datafield tag="336" ind1=" " ind2=" ">
         <subfield code="a">text</subfield>
         <subfield code="b">txt</subfield>
         <subfield code="2">rdacontent</subfield>
      </datafield>
      <datafield tag="337" ind1=" " ind2=" ">
         <subfield code="a">unmediated</subfield>
         <subfield code="b">n</subfield>
         <subfield code="2">rdamedia</subfield>
      </datafield>
      <datafield tag="338" ind1=" " ind2=" ">
         <subfield code="a">volume</subfield>
         <subfield code="b">nc</subfield>
         <subfield code="2">rdacarrier</subfield>
      </datafield>
      <datafield tag="500" ind1=" " ind2=" ">
         <subfield code="a">Conference proceedings.</subfield>
      </datafield>
      <datafield tag="504" ind1=" " ind2=" ">
         <subfield code="a">Includes bibliographical references.</subfield>
      </datafield>
      <datafield tag="505" ind1="0" ind2="0">
         <subfield code="t">Tell me your name and I can tell you how your kingship was: The royal names of the first three Ptolemies (323-222 BC) /</subfield>
         <subfield code="r">Heba Abd El-Gawad --</subfield>
         <subfield code="t">The Old Kingdom tomb of Pehenuka and the attribution of fragments from the offering scene /</subfield>
         <subfield code="r">Keith R. Amery --</subfield>
         <subfield code="t">Figured ostraca from Deir el-Medina /</subfield>
         <subfield code="r">Joanne Backhouse --</subfield>
         <subfield code="t">The Egyptian ascension mythology of the Old Kingdom and the Phenomenon of star phases /</subfield>
         <subfield code="r">Bernardette Brady --</subfield>
         <subfield code="t">Goddesses Gone Wild: the Seven Hathors in the New Kingdom /</subfield>
         <subfield code="r">Asha Chauhan Field --</subfield>
         <subfield code="t">The early precursors of tomb security /</subfield>
         <subfield code="r">Reg Clark --</subfield>
         <subfield code="t">"Living in a material world" : understanding and interpreting life in an Egyptian mud house /</subfield>
         <subfield code="r">Maria Correas-Amador --</subfield>
         <subfield code="t">Wood exploitation in ancient Egypt: where, who and how? /</subfield>
         <subfield code="r">Flavie Deglin --</subfield>
         <subfield code="t">Antonio Bernal de O'Reilly and the discovery of ancient Egypt in Spain /</subfield>
         <subfield code="r">Javier Fernández Negro --</subfield>
         <subfield code="t">The influence of Christianity on burial practices in Middle Egypt from the fourth to the sixth centuries /</subfield>
         <subfield code="r">Deanna Heikkinen --</subfield>
         <subfield code="t">Legitimation and ontological changes in the royal figure of Queen Hatshepsut (c. 1479-1458) /</subfield>
         <subfield code="r">Virginia Laporta /</subfield>
         <subfield code="t">The Phenomenon of "personal religion" in the Ramesside Period, from the "Poem" of Ramses II through the Prayers of Ramses III /</subfield>
         <subfield code="r">Diana Liesegang --</subfield>
         <subfield code="t">The Encircling Protection of Horus /</subfield>
         <subfield code="r">David Ian Lightbody --</subfield>
         <subfield code="t">Visual and written evidence for mourning in New Kingdom Egypt /</subfield>
         <subfield code="r">Emily Millward --</subfield>
         <subfield code="t">The Welshpool Mummy /</subfield>
         <subfield code="r">Pauline Norris --</subfield>
         <subfield code="t">More ways of analysis: the differences faces of a stela /</subfield>
         <subfield code="r">Stefania Pignattari --</subfield>
         <subfield code="t">Classifying dreams, classifying the world: ancient Egyptian oneiromancy and demonic dream books /</subfield>
         <subfield code="r">Luigi Prada --</subfield>
         <subfield code="t">Aspects of trading with New Kingdom Egypt /</subfield>
         <subfield code="r">Birgit Schiller --</subfield>
         <subfield code="t">On defining myth: comparisons of myth theory from an egyptological viewpoint /</subfield>
         <subfield code="r">David Stewart --</subfield>
      </datafield>
      <datafield tag="505" ind1="8" ind2="0">
         <subfield code="t">Manipulated corpses in Predynastic Egyptian tombs: deviant or normative practices? /</subfield>
         <subfield code="r">Veronica Tamorri --</subfield>
         <subfield code="t">Hippo goddesses of the Egyptian pantheon /</subfield>
         <subfield code="r">Aroa Velasco Pírez.</subfield>
      </datafield>
      <datafield tag="650" ind1=" " ind2="0">
         <subfield code="a">Egyptology</subfield>
         <subfield code="v">Congresses.</subfield>
      </datafield>
      <datafield tag="651" ind1=" " ind2="0">
         <subfield code="a">Egypt</subfield>
         <subfield code="x">Antiquities</subfield>
         <subfield code="v">Congresses.</subfield>
      </datafield>
      <datafield tag="650" ind1=" " ind2="0">
         <subfield code="a">Excavations (Archaeology)</subfield>
         <subfield code="z">Egypt</subfield>
         <subfield code="v">Congresses.</subfield>
      </datafield>
      <datafield tag="651" ind1=" " ind2="0">
         <subfield code="a">Egypt</subfield>
         <subfield code="x">History</subfield>
         <subfield code="y">To 332 B.C.</subfield>
         <subfield code="v">Congresses.</subfield>
      </datafield>
      <datafield tag="651" ind1=" " ind2="0">
         <subfield code="a">Egypt</subfield>
         <subfield code="x">Civilization</subfield>
         <subfield code="y">332 B.C.-638 A.D.</subfield>
         <subfield code="v">Congresses.</subfield>
      </datafield>
      <datafield tag="650" ind1=" " ind2="7">
         <subfield code="a">Antiquities.</subfield>
         <subfield code="2">fast</subfield>
         <subfield code="0">(OCoLC)fst00810745</subfield>
      </datafield>
      <datafield tag="650" ind1=" " ind2="7">
         <subfield code="a">Egyptology.</subfield>
         <subfield code="2">fast</subfield>
         <subfield code="0">(OCoLC)fst00904000</subfield>
      </datafield>
      <datafield tag="651" ind1=" " ind2="7">
         <subfield code="a">Egypt.</subfield>
         <subfield code="2">fast</subfield>
         <subfield code="0">(OCoLC)fst01208755</subfield>
      </datafield>
      <datafield tag="648" ind1=" " ind2="7">
         <subfield code="a">To 332 B.C.</subfield>
         <subfield code="2">fast</subfield>
      </datafield>
      <datafield tag="655" ind1=" " ind2="7">
         <subfield code="a">Conference papers and proceedings.</subfield>
         <subfield code="2">fast</subfield>
         <subfield code="0">(OCoLC)fst01423772</subfield>
      </datafield>
      <datafield tag="655" ind1=" " ind2="7">
         <subfield code="a">History.</subfield>
         <subfield code="2">fast</subfield>
         <subfield code="0">(OCoLC)fst01411628</subfield>
      </datafield>
      <datafield tag="700" ind1="1" ind2=" ">
         <subfield code="a">Abd El Gawad, Heba,</subfield>
         <subfield code="e">editor.</subfield>
      </datafield>
      <datafield tag="700" ind1="1" ind2=" ">
         <subfield code="a">Andrews, Nathalie,</subfield>
         <subfield code="e">editor.</subfield>
      </datafield>
      <datafield tag="700" ind1="1" ind2=" ">
         <subfield code="a">Correas-Amador, Maria,</subfield>
         <subfield code="e">editor.</subfield>
      </datafield>
      <datafield tag="700" ind1="1" ind2=" ">
         <subfield code="a">Tamorri, Veronica,</subfield>
         <subfield code="e">editor.</subfield>
      </datafield>
      <datafield tag="700" ind1="1" ind2=" ">
         <subfield code="a">Taylor, James,</subfield>
         <subfield code="e">editor.</subfield>
      </datafield>
      <datafield tag="856" ind1="4" ind2="1">
         <subfield code="3">Ebook Library</subfield>
         <subfield code="u">http://public.eblib.com/choice/publicfullrecord.aspx?p=1128591</subfield>
      </datafield>
      <datafield tag="OWN" ind1=" " ind2=" ">
         <subfield code="a">GENERAL</subfield>
      </datafield>
      <datafield tag="AVA" ind1=" " ind2=" ">
         <subfield code="a">NYU50</subfield>
         <subfield code="b">NISAW</subfield>
         <subfield code="c">Small Collection</subfield>
         <subfield code="d">DT61 .C78 2011 Non-circulating</subfield>
         <subfield code="e">available</subfield>
         <subfield code="t">Available</subfield>
         <subfield code="f">1</subfield>
         <subfield code="g">0</subfield>
         <subfield code="h">N</subfield>
         <subfield code="i">0</subfield>
         <subfield code="j">SMALL</subfield>
         <subfield code="k">0</subfield>
      </datafield>
      <marc:datafield tag="852" ind1=" " ind2=" ">
         <marc:subfield code="b">Institute for the Study of the Ancient World, </marc:subfield>
         <marc:subfield code="c">Small Collection</marc:subfield>
         <marc:subfield code="e">15 East 84th St., </marc:subfield>
         <marc:subfield code="e">New York, NY  10028</marc:subfield>
      </marc:datafield>
   </record>