
  
  
  
  
  
  
  
  
  
  
 
  
  <record xsi:schemaLocation="http://www.loc.gov/MARC21/slim http://www.loc.gov/standards/marcxml/schema/MARC21slim.xsd">
      <leader>00000cam a2200553 i 4500</leader>
      <controlfield tag="FMT">BK</controlfield>
      <controlfield tag="LDR">00000cam a2200553 i 4500</controlfield>
      <controlfield tag="001">002793550</controlfield>
      <controlfield tag="003">OCoLC</controlfield>
      <controlfield tag="005">20161122164020.0</controlfield>
      <controlfield tag="008">760513m19739999fr a     b    000 0 fre</controlfield>
      <datafield tag="010" ind1=" " ind2=" ">
         <subfield code="a">75501792</subfield>
      </datafield>
      <datafield tag="020" ind1=" " ind2=" ">
         <subfield code="a">9782252014202</subfield>
         <subfield code="q">(v. 1)</subfield>
      </datafield>
      <datafield tag="020" ind1=" " ind2=" ">
         <subfield code="a">2252014202</subfield>
         <subfield code="q">(v. 1)</subfield>
      </datafield>
      <datafield tag="020" ind1=" " ind2=" ">
         <subfield code="a">9782950645906</subfield>
         <subfield code="q">(v. 8)</subfield>
      </datafield>
      <datafield tag="020" ind1=" " ind2=" ">
         <subfield code="a">2950645909</subfield>
         <subfield code="q">(v. 8)</subfield>
      </datafield>
      <datafield tag="020" ind1=" " ind2=" ">
         <subfield code="a">9782701803487</subfield>
         <subfield code="q">(v. 9)</subfield>
      </datafield>
      <datafield tag="020" ind1=" " ind2=" ">
         <subfield code="a">2701803489</subfield>
         <subfield code="q">(v. 9)</subfield>
      </datafield>
      <datafield tag="035" ind1=" " ind2=" ">
         <subfield code="a">(OCoLC)3052722</subfield>
         <subfield code="z">(OCoLC)10473608</subfield>
      </datafield>
      <datafield tag="040" ind1=" " ind2=" ">
         <subfield code="a">DLC</subfield>
         <subfield code="b">eng</subfield>
         <subfield code="c">DLC</subfield>
         <subfield code="d">MUQ</subfield>
         <subfield code="d">NLGGC</subfield>
         <subfield code="d">OCLCG</subfield>
         <subfield code="d">ZWZ</subfield>
         <subfield code="d">UKMGB</subfield>
         <subfield code="d">OCLCO</subfield>
         <subfield code="d">OCLCF</subfield>
         <subfield code="d">OCLCQ</subfield>
         <subfield code="d">NBU</subfield>
         <subfield code="d">COD</subfield>
         <subfield code="d">CGU</subfield>
         <subfield code="d">CUY</subfield>
         <subfield code="d">LUN</subfield>
         <subfield code="d">ZYU</subfield>
      </datafield>
      <datafield tag="043" ind1=" " ind2=" ">
         <subfield code="a">a-af---</subfield>
      </datafield>
      <datafield tag="050" ind1="0" ind2="0">
         <subfield code="a">DS375.A95</subfield>
         <subfield code="b">F68 1973</subfield>
      </datafield>
      <datafield tag="079" ind1=" " ind2=" ">
         <subfield code="a">(OCoLC)3052722</subfield>
      </datafield>
      <datafield tag="082" ind1="0" ind2="0">
         <subfield code="a">939/.6</subfield>
         <subfield code="2">19</subfield>
      </datafield>
      <datafield tag="084" ind1=" " ind2=" ">
         <subfield code="a">15.34</subfield>
         <subfield code="2">bcl</subfield>
      </datafield>
      <datafield tag="245" ind1="0" ind2="0">
         <subfield code="a">Fouilles d'Aï Khanoum.</subfield>
      </datafield>
      <datafield tag="260" ind1=" " ind2=" ">
         <subfield code="a">Paris :</subfield>
         <subfield code="b">Klincksieck,</subfield>
         <subfield code="c">1973-&lt;2013 &gt;</subfield>
      </datafield>
      <datafield tag="300" ind1=" " ind2=" ">
         <subfield code="a">v. :</subfield>
         <subfield code="b">illustrations ;</subfield>
         <subfield code="c">28-37 cm.</subfield>
      </datafield>
      <datafield tag="336" ind1=" " ind2=" ">
         <subfield code="a">text</subfield>
         <subfield code="b">txt</subfield>
         <subfield code="2">rdacontent</subfield>
      </datafield>
      <datafield tag="337" ind1=" " ind2=" ">
         <subfield code="a">unmediated</subfield>
         <subfield code="b">n</subfield>
         <subfield code="2">rdamedia</subfield>
      </datafield>
      <datafield tag="338" ind1=" " ind2=" ">
         <subfield code="a">volume</subfield>
         <subfield code="b">nc</subfield>
         <subfield code="2">rdacarrier</subfield>
      </datafield>
      <datafield tag="490" ind1="1" ind2=" ">
         <subfield code="a">Mémoires de la Délégation archéologique française en Afghanistan,</subfield>
         <subfield code="x">0768-0473 ;</subfield>
         <subfield code="v">t. 21, 26-31, 33-34</subfield>
      </datafield>
      <datafield tag="500" ind1=" " ind2=" ">
         <subfield code="a">Vol. 1, pt. 2 has 18 folded plans in pocket.</subfield>
      </datafield>
      <datafield tag="500" ind1=" " ind2=" ">
         <subfield code="a">Volumes 2; 3, pt. 2; 4-7 published by Délégation archéologique française en Afghanistan and distributed by Diffusion de Boccard, Paris ; v. 8-&lt;9 &gt; published by Editions de Boccard.</subfield>
      </datafield>
      <datafield tag="504" ind1=" " ind2=" ">
         <subfield code="a">Includes bibliographical references.</subfield>
      </datafield>
      <datafield tag="505" ind1="0" ind2="0">
         <subfield code="g">v. 1.</subfield>
         <subfield code="t">Campagnes 1965, 1966, 1967, 1968 /</subfield>
         <subfield code="r">rapport préliminaire publié sous la direction de Paul Bernard:</subfield>
         <subfield code="g">1.</subfield>
         <subfield code="t">Texte et figures ;</subfield>
         <subfield code="g">2.</subfield>
         <subfield code="t">Planches --</subfield>
         <subfield code="g">v. 2.</subfield>
         <subfield code="t">Les propylées de la rue principale /</subfield>
         <subfield code="r">Olivier Guillaume --</subfield>
         <subfield code="g">v. 3.</subfield>
         <subfield code="t">La sanctuaire du temple à niches indentées.</subfield>
         <subfield code="g">[pt.] 2.</subfield>
         <subfield code="t">Les trouvailles /</subfield>
         <subfield code="r">Henri-Paul Francfort, dessins de Jean-Claude Liger et Régis de Valence --</subfield>
         <subfield code="g">v. 4.</subfield>
         <subfield code="t">Les monnaies hors trésors : questions d'histoire gréco-bactrienne /</subfield>
         <subfield code="r">Paul Bernard --</subfield>
         <subfield code="g">v. 5.</subfield>
         <subfield code="t">Les remparts et les monuments associés / Pierre Leriche --</subfield>
         <subfield code="g">v. 6.</subfield>
         <subfield code="t">Le gymnase /</subfield>
         <subfield code="r">Serge Veuve ; dessins de J.-Cl. Liger et G. Lecuyot --</subfield>
         <subfield code="g">v. 7.</subfield>
         <subfield code="t">Les petits objets /</subfield>
         <subfield code="r">Olivier Guillaume, Axelle Rougeulle --</subfield>
         <subfield code="g">v. 8.</subfield>
         <subfield code="t">La trésorerie du palais hellénistique d'Ai Khanoum /</subfield>
         <subfield code="r">Claude Rapin --</subfield>
         <subfield code="g">v. 9.</subfield>
         <subfield code="t">L'habitat /</subfield>
         <subfield code="r">Guy Lecuyot ; contributions de Paul Bernard, Henri-Paul Francfort, Bertille Lyonnet et Laurianne Martinzez-Sève.</subfield>
      </datafield>
      <datafield tag="651" ind1=" " ind2="0">
         <subfield code="a">Ay Khānom (Afghanistan)</subfield>
      </datafield>
      <datafield tag="650" ind1=" " ind2="0">
         <subfield code="a">Excavations (Archaeology)</subfield>
         <subfield code="z">Afghanistan</subfield>
         <subfield code="z">Ay Khānom.</subfield>
      </datafield>
      <datafield tag="651" ind1=" " ind2="0">
         <subfield code="a">Afghanistan</subfield>
         <subfield code="x">Antiquities.</subfield>
      </datafield>
      <datafield tag="651" ind1=" " ind2="7">
         <subfield code="a">Alexandria Oxiana?</subfield>
         <subfield code="2">pleiades</subfield>
         <subfield code="0">https://pleiades.stoa.org/places/971693</subfield>
         <subfield code="5">NyNyUAW</subfield>
      </datafield>
      <datafield tag="651" ind1=" " ind2="7">
         <subfield code="a">Afghanistan</subfield>
         <subfield code="z">Ay Khānom.</subfield>
         <subfield code="2">fast</subfield>
         <subfield code="0">(OCoLC)fst01230002</subfield>
      </datafield>
      <datafield tag="700" ind1="1" ind2=" ">
         <subfield code="a">Bernard, Paul,</subfield>
         <subfield code="d">1929-</subfield>
      </datafield>
      <datafield tag="700" ind1="1" ind2=" ">
         <subfield code="a">Lecuyot, G.</subfield>
         <subfield code="q">(Guy)</subfield>
      </datafield>
      <datafield tag="776" ind1="0" ind2="8">
         <subfield code="i">Online version:</subfield>
         <subfield code="t">Fouilles d'Aï Khanoum.</subfield>
         <subfield code="d">Paris : Klincksieck, 1973-&lt;1992&gt;</subfield>
         <subfield code="w">(OCoLC)557745367</subfield>
      </datafield>
      <datafield tag="776" ind1="0" ind2="8">
         <subfield code="i">Online version:</subfield>
         <subfield code="t">Fouilles d'Aï Khanoum.</subfield>
         <subfield code="d">Paris : Klincksieck, 1973-&lt;1992&gt;</subfield>
         <subfield code="w">(OCoLC)608901503</subfield>
      </datafield>
      <datafield tag="830" ind1=" " ind2="0">
         <subfield code="a">Mémoires de la Délégation archéologique française en Afghanistan ;</subfield>
         <subfield code="v">t. 21.</subfield>
      </datafield>
      <datafield tag="830" ind1=" " ind2="0">
         <subfield code="a">Mémoires de la Délégation archéologique française en Afghanistan ;</subfield>
         <subfield code="v">t. 26-31.</subfield>
      </datafield>
      <datafield tag="830" ind1=" " ind2="0">
         <subfield code="a">Mémoires de la Délégation archéologique française en Afghanistan ;</subfield>
         <subfield code="v">t. 33-34.</subfield>
      </datafield>
      <datafield tag="OWN" ind1=" " ind2=" ">
         <subfield code="a">GENERAL</subfield>
      </datafield>
      <datafield tag="950" ind1=" " ind2=" ">
         <subfield code="l">IFAM</subfield>
         <subfield code="n">455:sl\Unanalyzed\</subfield>
         <subfield code="i">05/10/94 C</subfield>
         <subfield code="h">11/08/88 C</subfield>
         <subfield code="h">04/09/87 C</subfield>
         <subfield code="h">12/11/86 C</subfield>
         <subfield code="h">09/29/86 C</subfield>
      </datafield>
      <datafield tag="955" ind1=" " ind2=" ">
         <subfield code="l">IFAM</subfield>
         <subfield code="c">1:(v.1 pt.1-2)</subfield>
         <subfield code="i">05/10/94 C</subfield>
      </datafield>
      <datafield tag="955" ind1=" " ind2=" ">
         <subfield code="l">IFAM</subfield>
         <subfield code="c">1:v.8</subfield>
         <subfield code="i">05/10/94 C</subfield>
      </datafield>
      <datafield tag="955" ind1=" " ind2=" ">
         <subfield code="l">IFAM</subfield>
         <subfield code="c">1:v.6</subfield>
         <subfield code="h">11/08/88 C</subfield>
      </datafield>
      <datafield tag="955" ind1=" " ind2=" ">
         <subfield code="l">IFAM</subfield>
         <subfield code="c">1:v.2</subfield>
         <subfield code="h">03/18/87 C</subfield>
      </datafield>
      <datafield tag="955" ind1=" " ind2=" ">
         <subfield code="l">IFAM</subfield>
         <subfield code="c">1:v.5</subfield>
         <subfield code="h">10/22/86 C</subfield>
      </datafield>
      <datafield tag="955" ind1=" " ind2=" ">
         <subfield code="l">IFAM</subfield>
         <subfield code="c">1:v.4</subfield>
         <subfield code="h">10/22/86 C</subfield>
      </datafield>
      <datafield tag="955" ind1=" " ind2=" ">
         <subfield code="l">IFAM</subfield>
         <subfield code="c">1:v.3,pt.2</subfield>
         <subfield code="h">09/29/86 C</subfield>
      </datafield>
      <datafield tag="AVA" ind1=" " ind2=" ">
         <subfield code="a">NYU50</subfield>
         <subfield code="b">NIFA</subfield>
         <subfield code="c">Main Collection</subfield>
         <subfield code="d">DS375.A95 F68 1973 Non-circulating</subfield>
         <subfield code="e">available</subfield>
         <subfield code="t">Available</subfield>
         <subfield code="f">8</subfield>
         <subfield code="g">0</subfield>
         <subfield code="h">Y</subfield>
         <subfield code="i">0</subfield>
         <subfield code="j">MAIN</subfield>
         <subfield code="k">0</subfield>
      </datafield>
      <datafield tag="AVA" ind1=" " ind2=" ">
         <subfield code="a">NYU50</subfield>
         <subfield code="b">NISAW</subfield>
         <subfield code="c">Oversize Collection</subfield>
         <subfield code="d">DS375.A95 F68 1973 Non-circulating</subfield>
         <subfield code="e">available</subfield>
         <subfield code="t">Available</subfield>
         <subfield code="f">6</subfield>
         <subfield code="g">0</subfield>
         <subfield code="h">Y</subfield>
         <subfield code="i">0</subfield>
         <subfield code="j">OVERZ</subfield>
         <subfield code="k">0</subfield>
      </datafield>
      <marc:datafield tag="852" ind1=" " ind2=" ">
         <marc:subfield code="b">Institute for the Study of the Ancient World, </marc:subfield>
         <marc:subfield code="c">Oversize Collection</marc:subfield>
         <marc:subfield code="e">15 East 84th St., </marc:subfield>
         <marc:subfield code="e">New York, NY  10028</marc:subfield>
      </marc:datafield>
   </record>