
  
  
  
  
  
  
  
  
  
  
 
  
  <record xsi:schemaLocation="http://www.loc.gov/MARC21/slim http://www.loc.gov/standards/marcxml/schema/MARC21slim.xsd">
      <leader>00000cam a22005054a 4500</leader>
      <controlfield tag="FMT">BK</controlfield>
      <controlfield tag="LDR">00000cam a22005054a 4500</controlfield>
      <controlfield tag="001">004519366</controlfield>
      <controlfield tag="003">OCoLC</controlfield>
      <controlfield tag="005">20161219134111.0</controlfield>
      <controlfield tag="008">161123s2009    ru a     b    101 0 rus</controlfield>
      <datafield tag="010" ind1=" " ind2=" ">
         <subfield code="a">2009469006</subfield>
      </datafield>
      <datafield tag="020" ind1=" " ind2=" ">
         <subfield code="a">9785943750786</subfield>
      </datafield>
      <datafield tag="020" ind1=" " ind2=" ">
         <subfield code="a">5943750789</subfield>
      </datafield>
      <datafield tag="035" ind1=" " ind2=" ">
         <subfield code="a">(OCoLC)460759578</subfield>
      </datafield>
      <datafield tag="040" ind1=" " ind2=" ">
         <subfield code="a">DLC</subfield>
         <subfield code="b">eng</subfield>
         <subfield code="c">DLC</subfield>
         <subfield code="d">WAU</subfield>
         <subfield code="d">OCLCF</subfield>
         <subfield code="d">OCLCO</subfield>
         <subfield code="d">OCLCQ</subfield>
         <subfield code="d">NNU</subfield>
      </datafield>
      <datafield tag="041" ind1="0" ind2=" ">
         <subfield code="a">rus</subfield>
         <subfield code="b">eng</subfield>
         <subfield code="f">eng</subfield>
      </datafield>
      <datafield tag="043" ind1=" " ind2=" ">
         <subfield code="a">e-ru---</subfield>
      </datafield>
      <datafield tag="050" ind1="0" ind2="0">
         <subfield code="a">DK511.D7</subfield>
         <subfield code="b">D66 2009</subfield>
      </datafield>
      <datafield tag="066" ind1=" " ind2=" ">
         <subfield code="c">(N</subfield>
      </datafield>
      <datafield tag="079" ind1=" " ind2=" ">
         <subfield code="a">(OCoLC)460759578</subfield>
      </datafield>
      <datafield tag="111" ind1="2" ind2=" ">
         <subfield code="6">880-01</subfield>
         <subfield code="a">Donskai͡a arkheologicheskai͡a ėkspedit͡sii͡a IA RAN</subfield>
         <subfield code="d">(2004-2008)</subfield>
      </datafield>
      <datafield tag="245" ind1="1" ind2="0">
         <subfield code="6">880-02</subfield>
         <subfield code="a">Arkheologii͡a Srednego Dona v skifskui͡u ėpokhu :</subfield>
         <subfield code="b">trudy Donskoĭ arkheologicheskoĭ ėkspedit͡sii IA RAN, 2004-2008 gg. /</subfield>
         <subfield code="c">[otvetstvennyĭ redaktor, V.I. Guli͡aev].</subfield>
      </datafield>
      <datafield tag="246" ind1="1" ind2="5">
         <subfield code="a">Archaeology of the Middle Don Region in the Scythian times : the work of the Donskaya (former Potudanskaya) Archaeological Expedition IA RAS, 2004-2008</subfield>
      </datafield>
      <datafield tag="260" ind1=" " ind2=" ">
         <subfield code="6">880-03</subfield>
         <subfield code="a">Moskva :</subfield>
         <subfield code="b">In-t arkheologii RAN,</subfield>
         <subfield code="c">2009.</subfield>
      </datafield>
      <datafield tag="300" ind1=" " ind2=" ">
         <subfield code="a">328 pages :</subfield>
         <subfield code="b">illustrations ;</subfield>
         <subfield code="c">30 cm</subfield>
      </datafield>
      <datafield tag="336" ind1=" " ind2=" ">
         <subfield code="a">text</subfield>
         <subfield code="b">txt</subfield>
         <subfield code="2">rdacontent</subfield>
      </datafield>
      <datafield tag="337" ind1=" " ind2=" ">
         <subfield code="a">unmediated</subfield>
         <subfield code="b">n</subfield>
         <subfield code="2">rdamedia</subfield>
      </datafield>
      <datafield tag="338" ind1=" " ind2=" ">
         <subfield code="a">volume</subfield>
         <subfield code="b">nc</subfield>
         <subfield code="2">rdacarrier</subfield>
      </datafield>
      <datafield tag="504" ind1=" " ind2=" ">
         <subfield code="a">Includes bibliographical references and index.</subfield>
      </datafield>
      <datafield tag="546" ind1=" " ind2=" ">
         <subfield code="a">Summary and table of contents also in English.</subfield>
      </datafield>
      <datafield tag="505" ind1="0" ind2="0">
         <subfield code="g">English table of contents:</subfield>
         <subfield code="t">Introduction /</subfield>
         <subfield code="r">Guliaev, V.I. --</subfield>
         <subfield code="t">General Summary --</subfield>
         <subfield code="t">The burial rites as a ethno-historical source (on the base of the Middle Don barrows V-IV centuries B.C.) /</subfield>
         <subfield code="r">Guliaev, V.I. --</subfield>
         <subfield code="t">New materials from the kurgan grave-yard of the Scythian times Kolbino I at the Middle Don region /</subfield>
         <subfield code="r">Shevchenko, A.A. --</subfield>
         <subfield code="t">The ritual clay sculpture of the population at the Middle Don area in the Scythian period /</subfield>
         <subfield code="r">Voropaeva, N.N. --</subfield>
         <subfield code="t">About one functional detail of the Scythian bridle at the Eastern Europe /</subfield>
         <subfield code="r">Valchak, S.B. --</subfield>
         <subfield code="t">The investigations of Scythian kurgans near Dubovoy village in the Middle Don territory /</subfield>
         <subfield code="r">Berezutsky, V.D. --</subfield>
         <subfield code="t">The bronze helmet from the Middle Don region /</subfield>
         <subfield code="r">Voroshilov, A.A.; Zolotarev, P.M. --</subfield>
         <subfield code="t">Pre-Scythian period in the Middle Don area /</subfield>
         <subfield code="r">Miroshnikova, O.M. --</subfield>
         <subfield code="t">Paleodemography of the Middle Don population in the Early Iron Age /</subfield>
         <subfield code="r">Dobrovolskaya, M.V. --</subfield>
         <subfield code="t">Traumatic injuries on the skeletal remains of the people from the kurgan grave-yards of the Middle Don territory /</subfield>
         <subfield code="r">Dobrovolskaya, M.V. --</subfield>
         <subfield code="t">The hill-fort Rossoshky I : "permanent address or temporary registration?" Monography in the collected papers /</subfield>
         <subfield code="r">Lebedeva, E.Yu.; Antipina E.E. --</subfield>
         <subfield code="t">The horse equipment of the Scythian times at the middle Don region an archaeological source /</subfield>
         <subfield code="r">Savchenko E.I.</subfield>
      </datafield>
      <datafield tag="500" ind1=" " ind2=" ">
         <subfield code="a">ISAW copy is from the library of Aleksandr Leskov.</subfield>
         <subfield code="5">NyNyUAW</subfield>
      </datafield>
      <datafield tag="651" ind1=" " ind2="0">
         <subfield code="a">Don River Region (Russia)</subfield>
         <subfield code="x">Antiquities.</subfield>
      </datafield>
      <datafield tag="650" ind1=" " ind2="0">
         <subfield code="a">Mounds</subfield>
         <subfield code="z">Russia (Federation)</subfield>
         <subfield code="z">Don River Region.</subfield>
      </datafield>
      <datafield tag="650" ind1=" " ind2="0">
         <subfield code="a">Excavations (Archaeology)</subfield>
         <subfield code="z">Russia (Federation)</subfield>
         <subfield code="z">Don River Region.</subfield>
      </datafield>
      <datafield tag="650" ind1=" " ind2="0">
         <subfield code="a">Scythians</subfield>
         <subfield code="x">Antiquities.</subfield>
      </datafield>
      <datafield tag="650" ind1=" " ind2="7">
         <subfield code="a">Antiquities.</subfield>
         <subfield code="2">fast</subfield>
         <subfield code="0">(OCoLC)fst00810745</subfield>
      </datafield>
      <datafield tag="650" ind1=" " ind2="7">
         <subfield code="a">Excavations (Archaeology)</subfield>
         <subfield code="2">fast</subfield>
         <subfield code="0">(OCoLC)fst00917564</subfield>
      </datafield>
      <datafield tag="650" ind1=" " ind2="7">
         <subfield code="a">Mounds.</subfield>
         <subfield code="2">fast</subfield>
         <subfield code="0">(OCoLC)fst01028233</subfield>
      </datafield>
      <datafield tag="650" ind1=" " ind2="7">
         <subfield code="a">Scythians</subfield>
         <subfield code="x">Antiquities.</subfield>
         <subfield code="2">fast</subfield>
         <subfield code="0">(OCoLC)fst01109954</subfield>
      </datafield>
      <datafield tag="651" ind1=" " ind2="7">
         <subfield code="a">Russia (Federation)</subfield>
         <subfield code="z">Don River Region.</subfield>
         <subfield code="2">fast</subfield>
         <subfield code="0">(OCoLC)fst01245602</subfield>
      </datafield>
      <datafield tag="700" ind1="1" ind2=" ">
         <subfield code="6">880-04</subfield>
         <subfield code="a">Guli͡aev, V. I.</subfield>
         <subfield code="q">(Valeriĭ Ivanovich)</subfield>
      </datafield>
      <datafield tag="700" ind1="1" ind2=" ">
         <subfield code="a">Leskov, Aleksandr Mikhaĭlovich,</subfield>
         <subfield code="e">former owner.</subfield>
         <subfield code="5">NyNyUAW</subfield>
      </datafield>
      <datafield tag="880" ind1="2" ind2=" ">
         <subfield code="6">111-01/</subfield>
         <subfield code="a">Донская археологическая экспедиция ИА РАН</subfield>
         <subfield code="d">(2004-2008)</subfield>
      </datafield>
      <datafield tag="880" ind1="1" ind2="0">
         <subfield code="6">245-02/</subfield>
         <subfield code="a">Археология Среднего Дона в скифскую эпоху :</subfield>
         <subfield code="b">труды Донской археологической экспедиции ИА РАН, 2004-2008 гг. /</subfield>
         <subfield code="c">[ответственный редактор, В.И. Гуляев].</subfield>
      </datafield>
      <datafield tag="880" ind1=" " ind2=" ">
         <subfield code="6">260-03/</subfield>
         <subfield code="a">Москва :</subfield>
         <subfield code="b">Ин-т археологии РАН,</subfield>
         <subfield code="c">2009.</subfield>
      </datafield>
      <datafield tag="880" ind1="1" ind2=" ">
         <subfield code="6">700-04/</subfield>
         <subfield code="a">Гуляев, В. И.</subfield>
         <subfield code="q">(Валерий Иванович)</subfield>
      </datafield>
      <datafield tag="994" ind1=" " ind2=" ">
         <subfield code="a">Z0</subfield>
         <subfield code="b">ZYU</subfield>
      </datafield>
      <datafield tag="OWN" ind1=" " ind2=" ">
         <subfield code="a">GENERAL</subfield>
      </datafield>
      <datafield tag="AVA" ind1=" " ind2=" ">
         <subfield code="a">NYU50</subfield>
         <subfield code="b">NISAW</subfield>
         <subfield code="c">Large Collection</subfield>
         <subfield code="d">DK511.D7 D66 2009 Non-circulating</subfield>
         <subfield code="e">available</subfield>
         <subfield code="t">Available</subfield>
         <subfield code="f">1</subfield>
         <subfield code="g">0</subfield>
         <subfield code="h">N</subfield>
         <subfield code="i">0</subfield>
         <subfield code="j">LARGE</subfield>
         <subfield code="k">0</subfield>
      </datafield>
      <marc:datafield tag="852" ind1=" " ind2=" ">
         <marc:subfield code="b">Institute for the Study of the Ancient World, </marc:subfield>
         <marc:subfield code="c">Large Collection</marc:subfield>
         <marc:subfield code="e">15 East 84th St., </marc:subfield>
         <marc:subfield code="e">New York, NY  10028</marc:subfield>
      </marc:datafield>
   </record>