
  
  
  
  
  
  
  
 
  
  <record xsi:schemaLocation="http://www.loc.gov/MARC21/slim http://www.loc.gov/standards/marcxml/schema/MARC21slim.xsd">
      <leader>00000cam a22      i 4500</leader>
      <controlfield tag="FMT">BK</controlfield>
      <controlfield tag="LDR">00000cam a22      i 4500</controlfield>
      <controlfield tag="001">004519407</controlfield>
      <controlfield tag="005">20161219142000.0</controlfield>
      <controlfield tag="008">161123t20102010fr abe   b    000 0 fre c</controlfield>
      <datafield tag="010" ind1=" " ind2=" ">
         <subfield code="a">  2011373261</subfield>
      </datafield>
      <datafield tag="020" ind1=" " ind2=" ">
         <subfield code="a">9782356680143</subfield>
      </datafield>
      <datafield tag="020" ind1=" " ind2=" ">
         <subfield code="a">2356680144</subfield>
      </datafield>
      <datafield tag="035" ind1=" " ind2=" ">
         <subfield code="a">(OCoLC)691855513</subfield>
      </datafield>
      <datafield tag="040" ind1=" " ind2=" ">
         <subfield code="a">ERASP</subfield>
         <subfield code="b">eng</subfield>
         <subfield code="e">rda</subfield>
         <subfield code="c">ERASP</subfield>
         <subfield code="d">DLC</subfield>
         <subfield code="d">AUXAM</subfield>
         <subfield code="d">EYM</subfield>
         <subfield code="d">TZT</subfield>
         <subfield code="d">C3L</subfield>
         <subfield code="d">CGU</subfield>
         <subfield code="d">YDXCP</subfield>
         <subfield code="d">OCLCF</subfield>
         <subfield code="d">ITSCS</subfield>
         <subfield code="d">NNU</subfield>
      </datafield>
      <datafield tag="041" ind1="0" ind2=" ">
         <subfield code="a">fre</subfield>
         <subfield code="b">fre</subfield>
         <subfield code="b">eng</subfield>
      </datafield>
      <datafield tag="042" ind1=" " ind2=" ">
         <subfield code="a">pcc</subfield>
      </datafield>
      <datafield tag="043" ind1=" " ind2=" ">
         <subfield code="a">a-sy---</subfield>
         <subfield code="a">a-jo---</subfield>
      </datafield>
      <datafield tag="050" ind1="0" ind2="0">
         <subfield code="a">DS94.5</subfield>
         <subfield code="b">E57 2010</subfield>
      </datafield>
      <datafield tag="079" ind1=" " ind2=" ">
         <subfield code="a">(OCoLC)691855513</subfield>
      </datafield>
      <datafield tag="082" ind1="0" ind2="4">
         <subfield code="a">930.1</subfield>
      </datafield>
      <datafield tag="245" ind1="0" ind2="0">
         <subfield code="a">Entre nomades et sédentaires :</subfield>
         <subfield code="b">prospections en Syrie du Nord et en Jordanie du Sud /</subfield>
         <subfield code="c">sous la direction de Pierre-Louis Gatier, Bernard Geyer et Marie-Odile Rousset.</subfield>
      </datafield>
      <datafield tag="264" ind1=" " ind2="1">
         <subfield code="a">Lyon :</subfield>
         <subfield code="b">Maison de l'Orient et de la Méditerranée,</subfield>
         <subfield code="c">[2010]</subfield>
      </datafield>
      <datafield tag="264" ind1=" " ind2="4">
         <subfield code="c">©2010.</subfield>
      </datafield>
      <datafield tag="300" ind1=" " ind2=" ">
         <subfield code="a">287 pages :</subfield>
         <subfield code="b">illustrations, maps, plans ;</subfield>
         <subfield code="c">30 cm.</subfield>
      </datafield>
      <datafield tag="336" ind1=" " ind2=" ">
         <subfield code="a">text</subfield>
         <subfield code="2">rdacontent</subfield>
      </datafield>
      <datafield tag="337" ind1=" " ind2=" ">
         <subfield code="a">unmediated</subfield>
         <subfield code="2">rdamedia</subfield>
      </datafield>
      <datafield tag="338" ind1=" " ind2=" ">
         <subfield code="a">volume</subfield>
         <subfield code="2">rdacarrier</subfield>
      </datafield>
      <datafield tag="490" ind1="1" ind2=" ">
         <subfield code="a">Travaux de la Maison de l'Orient et de la Méditerranée ;</subfield>
         <subfield code="v">no 55.</subfield>
         <subfield code="a">Conquête de la steppe ;</subfield>
         <subfield code="v">3</subfield>
      </datafield>
      <datafield tag="546" ind1=" " ind2=" ">
         <subfield code="a">French, with French and English abstracts.</subfield>
      </datafield>
      <datafield tag="504" ind1=" " ind2=" ">
         <subfield code="a">Includes bibliographical references.</subfield>
      </datafield>
      <datafield tag="500" ind1=" " ind2=" ">
         <subfield code="a">Map on inside of back cover.</subfield>
      </datafield>
      <datafield tag="505" ind1="0" ind2="0">
         <subfield code="t">Introduction /</subfield>
         <subfield code="r">Pierre-Louis Gatier, Bernard Geyer, Marie-Odile Rousset --</subfield>
         <subfield code="t">Géographie, environnements et potentiels productifs de la région de Pétra (Jordanie) /</subfield>
         <subfield code="r">Jacques Besançon --</subfield>
         <subfield code="t">Les précipitations dans les Marges arides de la Syrie du Nord /</subfield>
         <subfield code="r">Myriam Traboulsi --</subfield>
         <subfield code="t">Une stèle hiéroglyphique louvite à Tall Šṭῑb /</subfield>
         <subfield code="r">Hatice Gonnet --</subfield>
         <subfield code="t">Note sur le site de Tall Šṭῑb /</subfield>
         <subfield code="r">Marie-Odile Rousset --</subfield>
         <subfield code="t">Une bilingue gréco-palmyrénienne de la région de 'Aqῑrbāt /</subfield>
         <subfield code="r">Jean-Baptiste Yon --</subfield>
         <subfield code="t">Inscriptions grecques de Salamya/Salamias /</subfield>
         <subfield code="r">Jean-Claude Decourt --</subfield>
         <subfield code="t">Deux assemblages de céramique hellénistique et romaine de la steppe syrienne /</subfield>
         <subfield code="r">Marie-Odile Rousset --</subfield>
         <subfield code="t">Temples romains et mausolées de la Syrie centrale (1) /</subfield>
         <subfield code="r">Pierre-Louis Gatier, Marie-Odile Rousset --</subfield>
         <subfield code="t">Un relief funéraire d'époque romaine à 'Aqῑrbāt /</subfield>
         <subfield code="r">Pierre-Louis Gatier --</subfield>
         <subfield code="t">Habitat byzantin dans la steppe : maisons et villages de terre /</subfield>
         <subfield code="r">Catherine Duvette --</subfield>
         <subfield code="t">Le peuplement byzantin des massifs basaltiques de la Syrie centrale : modalités d'occupation du sol et stratégies de mise en valeur /</subfield>
         <subfield code="r">Marion Rivoal --</subfield>
         <subfield code="t">Qanāts de la steppe syrienne /</subfield>
         <subfield code="r">Marie-Odile Rousset --</subfield>
         <subfield code="t">Monnaies trouvées dans les "Marges arides" (Syrie) /</subfield>
         <subfield code="r">Olivier Callot.</subfield>
      </datafield>
      <datafield tag="520" ind1="8" ind2=" ">
         <subfield code="a">Ce troisième ouvrage de la série " Conquête de la steppe " présente de nouvelles études d'archéologie et de géoarchéologie issues d'un important programme de prospection de la zone steppique de la Syrie septentrionale et centrale à l'est de Hama. S'y ajoute la publication d'une prospection géographique de la région de Pétra en Jordanie. Les périodes dont il est question ici vont du milieu de l'âge du Fer au début de l'Islam (IXe s. av. J.-C. - IXe s. ap. J.-C.). Qu'il s'agisse de l'architecture byzantine en terre, des conquêtes successives des steppes par les agriculteurs, de la diffusion en Syrie des techniques d'irrigation par les canaux souterrains (qanats), des modes de sédentarisation des nomades, de monuments et d'inscriptions inédits - dont un texte louvite - ou de la vie rurale dans les villages antiques, ce volume apporte des informations nouvelles qui modifient notre connaissance de l'histoire de la mise en valeur du Proche-Orient ancien.</subfield>
      </datafield>
      <datafield tag="650" ind1=" " ind2="0">
         <subfield code="a">Nomads</subfield>
         <subfield code="x">Sedentarization</subfield>
         <subfield code="z">Syria.</subfield>
      </datafield>
      <datafield tag="650" ind1=" " ind2="0">
         <subfield code="a">Nomads</subfield>
         <subfield code="x">Sedentarization</subfield>
         <subfield code="z">Jordan.</subfield>
      </datafield>
      <datafield tag="650" ind1=" " ind2="0">
         <subfield code="a">Excavations (Archaeology)</subfield>
         <subfield code="z">Syria.</subfield>
      </datafield>
      <datafield tag="650" ind1=" " ind2="0">
         <subfield code="a">Excavations (Archaeology)</subfield>
         <subfield code="z">Jordan.</subfield>
      </datafield>
      <datafield tag="651" ind1=" " ind2="0">
         <subfield code="a">Jordan</subfield>
         <subfield code="x">Antiquities.</subfield>
      </datafield>
      <datafield tag="651" ind1=" " ind2="0">
         <subfield code="a">Syria</subfield>
         <subfield code="x">Antiquities.</subfield>
      </datafield>
      <datafield tag="650" ind1=" " ind2="7">
         <subfield code="a">Antiquities.</subfield>
         <subfield code="2">fast</subfield>
         <subfield code="0">(OCoLC)fst00810745</subfield>
      </datafield>
      <datafield tag="651" ind1=" " ind2="7">
         <subfield code="a">Jordan.</subfield>
         <subfield code="2">fast</subfield>
         <subfield code="0">(OCoLC)fst01205669</subfield>
      </datafield>
      <datafield tag="651" ind1=" " ind2="7">
         <subfield code="a">Syria.</subfield>
         <subfield code="2">fast</subfield>
         <subfield code="0">(OCoLC)fst01208757</subfield>
      </datafield>
      <datafield tag="700" ind1="1" ind2=" ">
         <subfield code="a">Gatier, Pierre-Louis,</subfield>
         <subfield code="e">editor.</subfield>
      </datafield>
      <datafield tag="700" ind1="1" ind2=" ">
         <subfield code="a">Geyer, Bernard,</subfield>
         <subfield code="e">editor.</subfield>
      </datafield>
      <datafield tag="700" ind1="1" ind2=" ">
         <subfield code="a">Rousset, Marie-Odile,</subfield>
         <subfield code="e">editor.</subfield>
      </datafield>
      <datafield tag="830" ind1=" " ind2="0">
         <subfield code="a">Travaux de la Maison de l'Orient ;</subfield>
         <subfield code="v">no 55.</subfield>
      </datafield>
      <datafield tag="830" ind1=" " ind2="0">
         <subfield code="a">Conquête de la steppe ;</subfield>
         <subfield code="v">3.</subfield>
      </datafield>
      <datafield tag="OWN" ind1=" " ind2=" ">
         <subfield code="a">GENERAL</subfield>
      </datafield>
      <datafield tag="AVA" ind1=" " ind2=" ">
         <subfield code="a">NYU50</subfield>
         <subfield code="b">NISAW</subfield>
         <subfield code="c">Large Collection</subfield>
         <subfield code="d">DS94.5 E57 2010 Non-circulating</subfield>
         <subfield code="e">available</subfield>
         <subfield code="t">Available</subfield>
         <subfield code="f">1</subfield>
         <subfield code="g">0</subfield>
         <subfield code="h">N</subfield>
         <subfield code="i">0</subfield>
         <subfield code="j">LARGE</subfield>
         <subfield code="k">0</subfield>
      </datafield>
      <marc:datafield tag="852" ind1=" " ind2=" ">
         <marc:subfield code="b">Institute for the Study of the Ancient World, </marc:subfield>
         <marc:subfield code="c">Large Collection</marc:subfield>
         <marc:subfield code="e">15 East 84th St., </marc:subfield>
         <marc:subfield code="e">New York, NY  10028</marc:subfield>
      </marc:datafield>
   </record>