
  
  
  
  
  
  
  
  
 
  
  <record xsi:schemaLocation="http://www.loc.gov/MARC21/slim http://www.loc.gov/standards/marcxml/schema/MARC21slim.xsd">
      <leader>00000cam a2200697Ia 4500</leader>
      <controlfield tag="FMT">BK</controlfield>
      <controlfield tag="LDR">00000cam a2200697Ia 4500</controlfield>
      <controlfield tag="001">004519394</controlfield>
      <controlfield tag="003">OCoLC</controlfield>
      <controlfield tag="005">20161205155916.0</controlfield>
      <controlfield tag="008">090309s2008    fr abe   b    100 0 fre d</controlfield>
      <datafield tag="020" ind1=" " ind2=" ">
         <subfield code="a">9782903264970</subfield>
      </datafield>
      <datafield tag="020" ind1=" " ind2=" ">
         <subfield code="a">290326497X</subfield>
      </datafield>
      <datafield tag="035" ind1=" " ind2=" ">
         <subfield code="a">(OCoLC)313649871</subfield>
      </datafield>
      <datafield tag="040" ind1=" " ind2=" ">
         <subfield code="a">ERASP</subfield>
         <subfield code="b">eng</subfield>
         <subfield code="c">ERASP</subfield>
         <subfield code="d">TZT</subfield>
         <subfield code="d">AUXAM</subfield>
         <subfield code="d">CUY</subfield>
         <subfield code="d">FDA</subfield>
         <subfield code="d">YDXCP</subfield>
         <subfield code="d">OCLCQ</subfield>
         <subfield code="d">OCLCF</subfield>
         <subfield code="d">OCLCQ</subfield>
         <subfield code="d">OCL</subfield>
         <subfield code="d">ITSCS</subfield>
         <subfield code="d">OCLCO</subfield>
         <subfield code="d">OCL</subfield>
         <subfield code="d">OCLCO</subfield>
         <subfield code="d">ZYU</subfield>
      </datafield>
      <datafield tag="041" ind1="0" ind2=" ">
         <subfield code="a">fre</subfield>
         <subfield code="b">eng</subfield>
      </datafield>
      <datafield tag="043" ind1=" " ind2=" ">
         <subfield code="a">a-sy---</subfield>
      </datafield>
      <datafield tag="050" ind1=" " ind2="4">
         <subfield code="a">DS99.U35</subfield>
         <subfield code="b">O93 2008</subfield>
      </datafield>
      <datafield tag="079" ind1=" " ind2=" ">
         <subfield code="a">(OCoLC)313649871</subfield>
      </datafield>
      <datafield tag="082" ind1="0" ind2="4">
         <subfield code="a">932-933</subfield>
      </datafield>
      <datafield tag="111" ind1="2" ind2=" ">
         <subfield code="a">Ougarit au IIe millénaire av, J.-C. État des recherches</subfield>
         <subfield code="d">(2001 :</subfield>
         <subfield code="c">Lyon, France)</subfield>
      </datafield>
      <datafield tag="245" ind1="1" ind2="0">
         <subfield code="a">Ougarit au Bronze moyen et au Bronze récent :</subfield>
         <subfield code="b">actes du Colloque international tenu à Lyon en novembre 2001, "Ougarit au IIe millénaire av. J.-C., état de recherches" /</subfield>
         <subfield code="c">édités par Yves Calvet et Marguerite Yon.</subfield>
      </datafield>
      <datafield tag="260" ind1=" " ind2=" ">
         <subfield code="a">Lyon :</subfield>
         <subfield code="b">Maison de l'Orient et de la Méditerranée,</subfield>
         <subfield code="c">©2008.</subfield>
      </datafield>
      <datafield tag="300" ind1=" " ind2=" ">
         <subfield code="a">275 pages :</subfield>
         <subfield code="b">illustrations, map, plans ;</subfield>
         <subfield code="c">30 cm.</subfield>
      </datafield>
      <datafield tag="336" ind1=" " ind2=" ">
         <subfield code="a">text</subfield>
         <subfield code="b">txt</subfield>
         <subfield code="2">rdacontent</subfield>
      </datafield>
      <datafield tag="337" ind1=" " ind2=" ">
         <subfield code="a">unmediated</subfield>
         <subfield code="b">n</subfield>
         <subfield code="2">rdamedia</subfield>
      </datafield>
      <datafield tag="338" ind1=" " ind2=" ">
         <subfield code="a">volume</subfield>
         <subfield code="b">nc</subfield>
         <subfield code="2">rdacarrier</subfield>
      </datafield>
      <datafield tag="490" ind1="1" ind2=" ">
         <subfield code="a">Travaux de la Maison de l'Orient et de la Méditerranée ;</subfield>
         <subfield code="v">n⁰ 47</subfield>
      </datafield>
      <datafield tag="546" ind1=" " ind2=" ">
         <subfield code="a">French with English abstracts.</subfield>
      </datafield>
      <datafield tag="500" ind1=" " ind2=" ">
         <subfield code="a">"En hommage à Gabriel Saadé."</subfield>
      </datafield>
      <datafield tag="500" ind1=" " ind2=" ">
         <subfield code="a">"Ouvrage publié avec le concours de l'Association des Amis de la Maison de l'Orient."</subfield>
      </datafield>
      <datafield tag="504" ind1=" " ind2=" ">
         <subfield code="a">Includes bibliographical references.</subfield>
      </datafield>
      <datafield tag="505" ind1="0" ind2="0">
         <subfield code="g">Introduction.</subfield>
         <subfield code="t">Bilan et perspectives /</subfield>
         <subfield code="r">Yves Calvet --</subfield>
         <subfield code="t">Recherches 1978-1998 à Ougarit /</subfield>
         <subfield code="r">Marguerite Yon --</subfield>
         <subfield code="t">Le cadre.</subfield>
         <subfield code="t">Le nouveau plan topographique du tell de Ras Shamra /</subfield>
         <subfield code="r">Emmanuel Laroze, Pascal Rieth --</subfield>
         <subfield code="t">Topographie régionale et topographie urbaine /</subfield>
         <subfield code="r">Marguerite Yon --</subfield>
         <subfield code="t">Recherches archéologiques.</subfield>
         <subfield code="t">Ras Shamra au Bronze Moyen: Travaux 1929-1974 (Ire-XXXVe campagnes de fouilles) /</subfield>
         <subfield code="r">Michel Al-Maqdissi --</subfield>
         <subfield code="t">Chronologie et peuplement de l'Ougarit du Bronze Moyen (fin du IIIe millénaire av. J.-C. et première moitié du IIe) /</subfield>
         <subfield code="r">Joël Mallet --</subfield>
         <subfield code="t">Nouvelles perspectives sur le Bronze Moyen : Traveax en Ville basse orientale (1994-1997) at au Centre de la ville (2000) /</subfield>
         <subfield code="r">Corinne Castel --</subfield>
         <subfield code="t">Les pratiques funéraires à Ougarit au IIe millénaire : Bilan et perspectives des recherches /</subfield>
         <subfield code="r">Sophie Marchegay --</subfield>
         <subfield code="t">Réflexions sur Ougarit après ca 1180 av. J.-C. /</subfield>
         <subfield code="r">Olivier Callot --</subfield>
         <subfield code="t">Le mobilier du palais royal d'Ougarit : Un nouveau programme de recherche /</subfield>
         <subfield code="r">Valérie Matoian --</subfield>
         <subfield code="t">La céramique du Bronze Récent à Ougarit : Résultats récents et perspectives /</subfield>
         <subfield code="r">Jean-Yves Monchambert --</subfield>
         <subfield code="t">Analyses métallurgiques /</subfield>
         <subfield code="r">Ella Dardaillon --</subfield>
         <subfield code="t">L'économie alimentaire carnée et le monde animal : Analyse préliminaire des restes osseux de mammifères (Ras Shamra) /</subfield>
         <subfield code="r">Emmanuelle Vila --</subfield>
         <subfield code="t">Recherches épigraphiques.</subfield>
         <subfield code="t">Découvertes épigraphiques anciennes et récentes en cunéiforme alphabétique : De la bibliothèque de Hourasanou aux archives d'Ourtenou /</subfield>
         <subfield code="r">Dennis Pardee, Pierre Bordreuil --</subfield>
         <subfield code="t">Textes épistolaires ougaritiques : Préliminaires à une nouvelle étude /</subfield>
         <subfield code="r">Robert Hawley --</subfield>
         <subfield code="t">Les textes administratifs en langue ougaritique des "Archives est" du palais royal /</subfield>
         <subfield code="r">Juan Pablo Vita --</subfield>
         <subfield code="t">De l'intérêt des textes délaissés /</subfield>
         <subfield code="r">Anne-Sophie Dalix --</subfield>
         <subfield code="t">Bordereaux de la "maison d'Ourtenou (Urtēnu)" : À propos de la gestion des équidés et de la place de cette maisons dans l'économie palatiale /</subfield>
         <subfield code="r">Florence Malbran-Labat, Carole Roche.</subfield>
      </datafield>
      <datafield tag="651" ind1=" " ind2="0">
         <subfield code="a">Ugarit (Extinct city)</subfield>
         <subfield code="x">History</subfield>
         <subfield code="v">Congresses.</subfield>
      </datafield>
      <datafield tag="651" ind1=" " ind2="0">
         <subfield code="a">Ugarit (Extinct city)</subfield>
         <subfield code="x">Civilization</subfield>
         <subfield code="v">Congresses.</subfield>
      </datafield>
      <datafield tag="651" ind1=" " ind2="0">
         <subfield code="a">Syria</subfield>
         <subfield code="x">Antiquities</subfield>
         <subfield code="v">Congresses.</subfield>
      </datafield>
      <datafield tag="600" ind1="1" ind2="0">
         <subfield code="a">Saadé, Gabriel.</subfield>
      </datafield>
      <datafield tag="650" ind1=" " ind2="0">
         <subfield code="a">Excavations (Archaeology)</subfield>
         <subfield code="z">Syria</subfield>
         <subfield code="z">Ugarit (Extinct city)</subfield>
         <subfield code="v">Congresses.</subfield>
      </datafield>
      <datafield tag="650" ind1=" " ind2="0">
         <subfield code="a">Bronze age</subfield>
         <subfield code="z">Syria</subfield>
         <subfield code="z">Ugarit (Extinct city)</subfield>
         <subfield code="v">Congresses.</subfield>
      </datafield>
      <datafield tag="650" ind1=" " ind2="0">
         <subfield code="a">Pottery</subfield>
         <subfield code="z">Syria</subfield>
         <subfield code="z">Ugarit (Extinct city)</subfield>
         <subfield code="v">Congresses.</subfield>
      </datafield>
      <datafield tag="650" ind1=" " ind2="0">
         <subfield code="a">Inscriptions, Ancient</subfield>
         <subfield code="z">Syria</subfield>
         <subfield code="z">Ugarit (Extinct city)</subfield>
         <subfield code="v">Congresses.</subfield>
      </datafield>
      <datafield tag="650" ind1=" " ind2="0">
         <subfield code="a">Burial</subfield>
         <subfield code="z">Syria</subfield>
         <subfield code="z">Ugarit (Extinct city)</subfield>
         <subfield code="v">Congresses.</subfield>
      </datafield>
      <datafield tag="600" ind1="1" ind2="7">
         <subfield code="a">Saadé, Gabriel.</subfield>
         <subfield code="2">fast</subfield>
         <subfield code="0">(OCoLC)fst01799680</subfield>
      </datafield>
      <datafield tag="650" ind1=" " ind2="7">
         <subfield code="a">Antiquities.</subfield>
         <subfield code="2">fast</subfield>
         <subfield code="0">(OCoLC)fst00810745</subfield>
      </datafield>
      <datafield tag="650" ind1=" " ind2="7">
         <subfield code="a">Civilization.</subfield>
         <subfield code="2">fast</subfield>
         <subfield code="0">(OCoLC)fst00862898</subfield>
      </datafield>
      <datafield tag="650" ind1=" " ind2="7">
         <subfield code="a">Excavations (Archaeology)</subfield>
         <subfield code="2">fast</subfield>
         <subfield code="0">(OCoLC)fst00917564</subfield>
      </datafield>
      <datafield tag="651" ind1=" " ind2="7">
         <subfield code="a">Syria.</subfield>
         <subfield code="2">fast</subfield>
         <subfield code="0">(OCoLC)fst01208757</subfield>
      </datafield>
      <datafield tag="651" ind1=" " ind2="7">
         <subfield code="a">Syria</subfield>
         <subfield code="z">Ugarit (Extinct city)</subfield>
         <subfield code="2">fast</subfield>
         <subfield code="0">(OCoLC)fst01896855</subfield>
      </datafield>
      <datafield tag="655" ind1=" " ind2="7">
         <subfield code="a">Conference papers and proceedings.</subfield>
         <subfield code="2">fast</subfield>
         <subfield code="0">(OCoLC)fst01423772</subfield>
      </datafield>
      <datafield tag="655" ind1=" " ind2="7">
         <subfield code="a">History.</subfield>
         <subfield code="2">fast</subfield>
         <subfield code="0">(OCoLC)fst01411628</subfield>
      </datafield>
      <datafield tag="700" ind1="1" ind2=" ">
         <subfield code="a">Calvet, Yves.</subfield>
      </datafield>
      <datafield tag="700" ind1="1" ind2=" ">
         <subfield code="a">Yon, Marguerite.</subfield>
      </datafield>
      <datafield tag="700" ind1="1" ind2=" ">
         <subfield code="a">Saadé, Gabriel.</subfield>
      </datafield>
      <datafield tag="776" ind1="0" ind2="8">
         <subfield code="i">Online version:</subfield>
         <subfield code="t">Ougarit au Bronze moyen et au Bronze récent.</subfield>
         <subfield code="d">Lyon : Maison de l'Orient et de la Méditerranée, ©2008</subfield>
         <subfield code="w">(OCoLC)681282351</subfield>
      </datafield>
      <datafield tag="830" ind1=" " ind2="0">
         <subfield code="a">Travaux de la Maison de l'Orient ;</subfield>
         <subfield code="v">no 47.</subfield>
      </datafield>
      <datafield tag="OWN" ind1=" " ind2=" ">
         <subfield code="a">GENERAL</subfield>
      </datafield>
      <datafield tag="AVA" ind1=" " ind2=" ">
         <subfield code="a">NYU50</subfield>
         <subfield code="b">NISAW</subfield>
         <subfield code="c">Large Collection</subfield>
         <subfield code="d">DS99.U35 O93 2008 Non-circulating</subfield>
         <subfield code="e">available</subfield>
         <subfield code="t">Available</subfield>
         <subfield code="f">1</subfield>
         <subfield code="g">0</subfield>
         <subfield code="h">N</subfield>
         <subfield code="i">0</subfield>
         <subfield code="j">LARGE</subfield>
         <subfield code="k">0</subfield>
      </datafield>
      <marc:datafield tag="852" ind1=" " ind2=" ">
         <marc:subfield code="b">Institute for the Study of the Ancient World, </marc:subfield>
         <marc:subfield code="c">Large Collection</marc:subfield>
         <marc:subfield code="e">15 East 84th St., </marc:subfield>
         <marc:subfield code="e">New York, NY  10028</marc:subfield>
      </marc:datafield>
   </record>