
  
  
  
  
  
  
  
  
 
  
  <record xsi:schemaLocation="http://www.loc.gov/MARC21/slim http://www.loc.gov/standards/marcxml/schema/MARC21slim.xsd">
      <leader>00000cam a22      a 4500</leader>
      <controlfield tag="FMT">BK</controlfield>
      <controlfield tag="LDR">00000cam a22      a 4500</controlfield>
      <controlfield tag="001">004519354</controlfield>
      <controlfield tag="005">20161219141433.0</controlfield>
      <controlfield tag="008">161123s2011    sp abe   b    100 0 spa</controlfield>
      <datafield tag="010" ind1=" " ind2=" ">
         <subfield code="a">  2011522790</subfield>
      </datafield>
      <datafield tag="016" ind1="7" ind2=" ">
         <subfield code="a">015948218</subfield>
         <subfield code="2">Uk</subfield>
      </datafield>
      <datafield tag="020" ind1=" " ind2=" ">
         <subfield code="a">9788437079608</subfield>
      </datafield>
      <datafield tag="020" ind1=" " ind2=" ">
         <subfield code="a">8437079608</subfield>
      </datafield>
      <datafield tag="035" ind1=" " ind2=" ">
         <subfield code="a">(OCoLC)759471341</subfield>
         <subfield code="z">(OCoLC)774634487</subfield>
      </datafield>
      <datafield tag="040" ind1=" " ind2=" ">
         <subfield code="a">DLC</subfield>
         <subfield code="b">eng</subfield>
         <subfield code="c">DLC</subfield>
         <subfield code="d">CGU</subfield>
         <subfield code="d">TZT</subfield>
         <subfield code="d">TOZ</subfield>
         <subfield code="d">UKMGB</subfield>
         <subfield code="d">OCLCO</subfield>
         <subfield code="d">OCLCF</subfield>
         <subfield code="d">OCLCQ</subfield>
         <subfield code="d">OCL</subfield>
         <subfield code="d">NNU</subfield>
      </datafield>
      <datafield tag="041" ind1="0" ind2=" ">
         <subfield code="a">spa</subfield>
         <subfield code="a">eng</subfield>
         <subfield code="a">fre</subfield>
         <subfield code="a">ita</subfield>
         <subfield code="b">spa</subfield>
         <subfield code="b">eng</subfield>
         <subfield code="b">fre</subfield>
         <subfield code="b">ita</subfield>
         <subfield code="b">ger</subfield>
      </datafield>
      <datafield tag="042" ind1=" " ind2=" ">
         <subfield code="a">pcc</subfield>
      </datafield>
      <datafield tag="043" ind1=" " ind2=" ">
         <subfield code="a">mm-----</subfield>
      </datafield>
      <datafield tag="045" ind1=" " ind2=" ">
         <subfield code="a">d4i-</subfield>
      </datafield>
      <datafield tag="050" ind1="0" ind2="0">
         <subfield code="a">TS1316</subfield>
         <subfield code="b">.S96 2008</subfield>
      </datafield>
      <datafield tag="079" ind1=" " ind2=" ">
         <subfield code="a">(OCoLC)759471341</subfield>
      </datafield>
      <datafield tag="082" ind1="1" ind2="4">
         <subfield code="a">677</subfield>
         <subfield code="2">1</subfield>
      </datafield>
      <datafield tag="111" ind1="2" ind2=" ">
         <subfield code="a">Symposium Internacional sobre Textiles y Tintes del Mediterráneo en el Mundo Antiguo</subfield>
         <subfield code="n">(3rd :</subfield>
         <subfield code="d">2008 :</subfield>
         <subfield code="c">Naples, Italy)</subfield>
      </datafield>
      <datafield tag="245" ind1="1" ind2="0">
         <subfield code="a">Textiles y tintes en la ciudad antigua =</subfield>
         <subfield code="b">Tissus et teintures dans la cité antique = Tesuti e tenture a la città antica : actas del III Symposium Internacional sobre Textiles y tintes del Mediterráneo en el Mundo Antiguo : Nápoles, 13 al 15 de noviembre, 2008 /</subfield>
         <subfield code="c">C. Alfaro [and others], eds.</subfield>
      </datafield>
      <datafield tag="246" ind1="3" ind2="1">
         <subfield code="a">Tesuti e tenture a la città antica</subfield>
      </datafield>
      <datafield tag="246" ind1="3" ind2="1">
         <subfield code="a">Tissus et teintures dans la cité antique</subfield>
      </datafield>
      <datafield tag="260" ind1=" " ind2=" ">
         <subfield code="a">Valencia :</subfield>
         <subfield code="b">Universitat de València ;</subfield>
         <subfield code="a">Naples :</subfield>
         <subfield code="b">Centre Jean Bérard (CNRS-EFR),</subfield>
         <subfield code="c">2011.</subfield>
      </datafield>
      <datafield tag="300" ind1=" " ind2=" ">
         <subfield code="a">286 pages :</subfield>
         <subfield code="b">illustrations (some color), maps, plans ;</subfield>
         <subfield code="c">29 cm.</subfield>
      </datafield>
      <datafield tag="336" ind1=" " ind2=" ">
         <subfield code="a">text</subfield>
         <subfield code="b">txt</subfield>
         <subfield code="2">rdacontent</subfield>
      </datafield>
      <datafield tag="337" ind1=" " ind2=" ">
         <subfield code="a">unmediated</subfield>
         <subfield code="b">n</subfield>
         <subfield code="2">rdamedia</subfield>
      </datafield>
      <datafield tag="338" ind1=" " ind2=" ">
         <subfield code="a">volume</subfield>
         <subfield code="b">nc</subfield>
         <subfield code="2">rdacarrier</subfield>
      </datafield>
      <datafield tag="490" ind1="1" ind2=" ">
         <subfield code="a">Purpureae vestes ;</subfield>
         <subfield code="v">3</subfield>
      </datafield>
      <datafield tag="490" ind1="1" ind2=" ">
         <subfield code="a">Collection du Centre Jean Bérard ;</subfield>
         <subfield code="v">36.</subfield>
         <subfield code="a">Archéologie de l'artisanat antique ;</subfield>
         <subfield code="v">4</subfield>
      </datafield>
      <datafield tag="504" ind1=" " ind2=" ">
         <subfield code="a">Includes bibliographical references.</subfield>
      </datafield>
      <datafield tag="546" ind1=" " ind2=" ">
         <subfield code="a">Contributions in Spanish, English, French, and Italian with abstracts in one of other languages or German.</subfield>
      </datafield>
      <datafield tag="505" ind1="0" ind2="0">
         <subfield code="g">Textiles.</subfield>
         <subfield code="t">La tessitura nella prima Età del Ferro a Poggiomarino, Longola (Napoli) /</subfield>
         <subfield code="r">Maria Teresa Pappalardo, Natascia Pizzano, Claude Albore Livadie --</subfield>
         <subfield code="t">Les activités textiles dans les villes grecques aux époques hellénistique et romaine : questions d'espace et d'économie /</subfield>
         <subfield code="r">Giorgos M. Sanidas --</subfield>
         <subfield code="t">Textile production in late Republic and early Empire : "Old Virunum" on Magdalensberg in Noricum (Southern Austria) /</subfield>
         <subfield code="r">Kordula Gostenčnik --</subfield>
         <subfield code="t">La cité de Saiti/Saetabis et son aire d'influence : économie du territoire et production detissus à l'époque ibéro-romaine /</subfield>
         <subfield code="r">Carmen Alfaro --</subfield>
         <subfield code="t">Vindolanda and its textiles : Gavvo and his Tosseae /</subfield>
         <subfield code="r">John Peter Wild --</subfield>
         <subfield code="t">Clavi and non-clavi : definitions of various bands on Roman textiles /</subfield>
         <subfield code="r">Lise Bender Jørgensen --</subfield>
         <subfield code="t">Le travail du textile a Pompei : ateliers et restes de tissus /</subfield>
         <subfield code="r">Fabienne Médard, Philippe Borgard, Christope Moulhérat --</subfield>
         <subfield code="t">Batiments agricoles et indices de betail en Gaule du Nord : inventaire et perspectives /</subfield>
         <subfield code="r">Ricardo Gonzáalez Villaescusa, Benjamin Dufour --</subfield>
         <subfield code="t">Textiles in their scientifical context : interdisciplinary cooperation during the evaluation of burial textiles /</subfield>
         <subfield code="r">Nicole Reifarth --</subfield>
         <subfield code="t">Colour Spectrometry : a non-destructive method of dye analysis applied on late Roman textiles from Egypt /</subfield>
         <subfield code="r">Annette Paetz gen. Schieck and Robert Fuchs --</subfield>
         <subfield code="t">Testimonianze di tessili da siti archeologici della Roma antica : il recente studio del ritrovamento di Tor Carbone /</subfield>
         <subfield code="r">Maria Rita Giuliani, Ida Anna Rapinesi, Daniela Ferro --</subfield>
         <subfield code="t">Textile finds from a typical early Christian burial at Fag el-Gamus (Fayum), Egypt /</subfield>
         <subfield code="r">Kristin H. South [and 3 others] --</subfield>
         <subfield code="t">Late antiquity textiles from Egypt : dye analyses of Spanish collection /</subfield>
         <subfield code="r">Ana Cabrera [and 4 others] --</subfield>
         <subfield code="t">Le travail de l'os au service de l'artisanat textile : l'exemple de Pompei /</subfield>
         <subfield code="r">Carol Cheval.</subfield>
      </datafield>
      <datafield tag="505" ind1="8" ind2="0">
         <subfield code="g">Tintes.</subfield>
         <subfield code="t">A proposed survey of east Mediterranean murex heaps from the Bronze Age to Roman Times : a GIS analysis of possible trade networks /</subfield>
         <subfield code="r">D. Constantindis and L. Karali --</subfield>
         <subfield code="t">Púrpura y pesca en el Gadir tardo-púnico : la fosa-conchero de desechos haliéuticos de la c/Luis Milena (San Fernando, Cádiz) /</subfield>
         <subfield code="r">D. Bernal Casasola, A. M. Sáez Romero y M. Bustamante Álvarez --</subfield>
         <subfield code="t">Le rôle des étiquettes de plomb dans le tavail du textile à Siscia /</subfield>
         <subfield code="r">Ivan Radman-Livaja --</subfield>
         <subfield code="t">Who could wear true purple in Roman Egypt? Technical and social considerations on some new identifications of purple from marine molluscs in archaeological textiles /</subfield>
         <subfield code="r">Dominique Cardon [and 5 others] --</subfield>
         <subfield code="t">La produzione di porpora nell'area di Venezia /</subfield>
         <subfield code="r">Elena Di Filippo Balestrazzi --</subfield>
         <subfield code="t">Consumption, not production : understanding the Fullonicae of Pompeii /</subfield>
         <subfield code="r">Miko Fohr --</subfield>
         <subfield code="t">The Hellenistic dye-works at Helike, Achaea, Greece /</subfield>
         <subfield code="r">Dora Katsonopoulou --</subfield>
         <subfield code="t">Purpurissum : techniques of production inspires by Pliny the Elder /</subfield>
         <subfield code="r">Inge Boesken Kanold --</subfield>
         <subfield code="t">Les plantes tinctoriales à l'époque ibéro-romaine : le territoire de Saitabi et son environnement /</subfield>
         <subfield code="r">Julia Martínez García --</subfield>
         <subfield code="t">Anfore da allume ad Histonium : nuovi elementi di ricerca sull'economiadella città /</subfield>
         <subfield code="r">Stefania de Majo, Andrea Staffa --</subfield>
         <subfield code="r">Mapa de los yacimientos purpurígenos de las Islas Pitiusas : resultados de las prospecciones realizadas en Ibiza y Formentera (2005-2007) /</subfield>
         <subfield code="r">Benjamí Costa Ribas.</subfield>
      </datafield>
      <datafield tag="650" ind1=" " ind2="0">
         <subfield code="a">Textile fabrics, Ancient</subfield>
         <subfield code="z">Mediterranean Region</subfield>
         <subfield code="v">Congresses.</subfield>
      </datafield>
      <datafield tag="650" ind1=" " ind2="0">
         <subfield code="a">Dyes and dyeing</subfield>
         <subfield code="x">Textile fibers</subfield>
         <subfield code="z">Mediterranean Region</subfield>
         <subfield code="x">History</subfield>
         <subfield code="y">To 1500</subfield>
         <subfield code="v">Congresses.</subfield>
      </datafield>
      <datafield tag="650" ind1=" " ind2="7">
         <subfield code="a">Dyes and dyeing</subfield>
         <subfield code="x">Textile fibers.</subfield>
         <subfield code="2">fast</subfield>
         <subfield code="0">(OCoLC)fst00900263</subfield>
      </datafield>
      <datafield tag="650" ind1=" " ind2="7">
         <subfield code="a">Textile fabrics, Ancient.</subfield>
         <subfield code="2">fast</subfield>
         <subfield code="0">(OCoLC)fst01148706</subfield>
      </datafield>
      <datafield tag="651" ind1=" " ind2="7">
         <subfield code="a">Mediterranean Region.</subfield>
         <subfield code="2">fast</subfield>
         <subfield code="0">(OCoLC)fst01239752</subfield>
      </datafield>
      <datafield tag="648" ind1=" " ind2="7">
         <subfield code="a">To 1500.</subfield>
         <subfield code="2">fast</subfield>
      </datafield>
      <datafield tag="655" ind1=" " ind2="7">
         <subfield code="a">Conference papers and proceedings.</subfield>
         <subfield code="2">fast</subfield>
         <subfield code="0">(OCoLC)fst01423772</subfield>
      </datafield>
      <datafield tag="655" ind1=" " ind2="7">
         <subfield code="a">History.</subfield>
         <subfield code="2">fast</subfield>
         <subfield code="0">(OCoLC)fst01411628</subfield>
      </datafield>
      <datafield tag="700" ind1="1" ind2=" ">
         <subfield code="a">Alfaro Giner, Carmen.</subfield>
      </datafield>
      <datafield tag="830" ind1=" " ind2="0">
         <subfield code="a">Purpureae vestes ;</subfield>
         <subfield code="v">3.</subfield>
      </datafield>
      <datafield tag="830" ind1=" " ind2="0">
         <subfield code="a">Collection du Centre Jean Bérard ;</subfield>
         <subfield code="v">36.</subfield>
      </datafield>
      <datafield tag="830" ind1=" " ind2="0">
         <subfield code="a">Collection du Centre Jean Bérard.</subfield>
         <subfield code="p">Archéologie de l'artisanat antique ;</subfield>
         <subfield code="v">4.</subfield>
      </datafield>
      <datafield tag="856" ind1="4" ind2="2">
         <subfield code="3">Publisher description</subfield>
         <subfield code="u">http://catdir.loc.gov/catdir/enhancements/fy1206/2011522790-d.html</subfield>
      </datafield>
      <datafield tag="OWN" ind1=" " ind2=" ">
         <subfield code="a">GENERAL</subfield>
      </datafield>
      <datafield tag="AVA" ind1=" " ind2=" ">
         <subfield code="a">NYU50</subfield>
         <subfield code="b">NISAW</subfield>
         <subfield code="c">Large Collection</subfield>
         <subfield code="d">TS1316 .S96 2008 Non-circulating</subfield>
         <subfield code="e">available</subfield>
         <subfield code="t">Available</subfield>
         <subfield code="f">1</subfield>
         <subfield code="g">0</subfield>
         <subfield code="h">N</subfield>
         <subfield code="i">0</subfield>
         <subfield code="j">LARGE</subfield>
         <subfield code="k">0</subfield>
      </datafield>
      <marc:datafield tag="852" ind1=" " ind2=" ">
         <marc:subfield code="b">Institute for the Study of the Ancient World, </marc:subfield>
         <marc:subfield code="c">Large Collection</marc:subfield>
         <marc:subfield code="e">15 East 84th St., </marc:subfield>
         <marc:subfield code="e">New York, NY  10028</marc:subfield>
      </marc:datafield>
   </record>