
  
  
  
  
  
  
  
  
 
  
  <record xsi:schemaLocation="http://www.loc.gov/MARC21/slim http://www.loc.gov/standards/marcxml/schema/MARC21slim.xsd">
      <leader>00000cam a2200589Ia 4500</leader>
      <controlfield tag="FMT">BK</controlfield>
      <controlfield tag="LDR">00000cam a2200589Ia 4500</controlfield>
      <controlfield tag="001">002054298</controlfield>
      <controlfield tag="003">OCoLC</controlfield>
      <controlfield tag="005">20161215151025.0</controlfield>
      <controlfield tag="008">920908s1991    be ab    b    100 0 fre d</controlfield>
      <datafield tag="035" ind1=" " ind2=" ">
         <subfield code="a">(OCoLC)27288670</subfield>
         <subfield code="z">(OCoLC)27946832</subfield>
      </datafield>
      <datafield tag="040" ind1=" " ind2=" ">
         <subfield code="a">JHE</subfield>
         <subfield code="b">eng</subfield>
         <subfield code="c">JHE</subfield>
         <subfield code="d">CUY</subfield>
         <subfield code="d">NYP</subfield>
         <subfield code="d">OCL</subfield>
         <subfield code="d">LVB</subfield>
         <subfield code="d">UPM</subfield>
         <subfield code="d">GBVCP</subfield>
         <subfield code="d">OCLCQ</subfield>
         <subfield code="d">DEBSZ</subfield>
         <subfield code="d">OCLCQ</subfield>
         <subfield code="d">OCLCO</subfield>
         <subfield code="d">OCLCQ</subfield>
         <subfield code="d">ZYU</subfield>
      </datafield>
      <datafield tag="041" ind1="0" ind2=" ">
         <subfield code="a">fre</subfield>
         <subfield code="a">eng</subfield>
         <subfield code="a">ger</subfield>
      </datafield>
      <datafield tag="043" ind1=" " ind2=" ">
         <subfield code="a">a-iq---</subfield>
         <subfield code="a">a-ir---</subfield>
         <subfield code="a">aw-----</subfield>
      </datafield>
      <datafield tag="050" ind1="1" ind2="4">
         <subfield code="a">DS70.6</subfield>
         <subfield code="b">.R46 1989</subfield>
      </datafield>
      <datafield tag="079" ind1=" " ind2=" ">
         <subfield code="a">(OCoLC)27288670</subfield>
      </datafield>
      <datafield tag="082" ind1="0" ind2="4">
         <subfield code="a">935</subfield>
      </datafield>
      <datafield tag="084" ind1=" " ind2=" ">
         <subfield code="a">15.16</subfield>
         <subfield code="2">bcl</subfield>
      </datafield>
      <datafield tag="084" ind1=" " ind2=" ">
         <subfield code="a">EL 7600</subfield>
         <subfield code="2">rvk</subfield>
      </datafield>
      <datafield tag="084" ind1=" " ind2=" ">
         <subfield code="a">NG 4000</subfield>
         <subfield code="2">rvk</subfield>
      </datafield>
      <datafield tag="111" ind1="2" ind2=" ">
         <subfield code="a">Rencontre assyriologique internationale</subfield>
         <subfield code="n">(36th :</subfield>
         <subfield code="d">1989 :</subfield>
         <subfield code="c">Ghent, Belgium)</subfield>
      </datafield>
      <datafield tag="245" ind1="1" ind2="0">
         <subfield code="a">Mésopotamie et Elam :</subfield>
         <subfield code="b">actes de la XXXVIème Rencontre assyriologique internationale, Gand, 10-14 juillet 1989.</subfield>
      </datafield>
      <datafield tag="260" ind1=" " ind2=" ">
         <subfield code="a">Ghent, Belgium :</subfield>
         <subfield code="b">University of Ghent,</subfield>
         <subfield code="c">1991.</subfield>
      </datafield>
      <datafield tag="300" ind1=" " ind2=" ">
         <subfield code="a">xi, 222 pages :</subfield>
         <subfield code="b">illustrations (some color), maps ;</subfield>
         <subfield code="c">28 cm.</subfield>
      </datafield>
      <datafield tag="336" ind1=" " ind2=" ">
         <subfield code="a">text</subfield>
         <subfield code="b">txt</subfield>
         <subfield code="2">rdacontent</subfield>
      </datafield>
      <datafield tag="337" ind1=" " ind2=" ">
         <subfield code="a">unmediated</subfield>
         <subfield code="b">n</subfield>
         <subfield code="2">rdamedia</subfield>
      </datafield>
      <datafield tag="338" ind1=" " ind2=" ">
         <subfield code="a">volume</subfield>
         <subfield code="b">nc</subfield>
         <subfield code="2">rdacarrier</subfield>
      </datafield>
      <datafield tag="490" ind1="1" ind2=" ">
         <subfield code="a">Mesopotamian history and environment. Occasional publications ;</subfield>
         <subfield code="v">1</subfield>
      </datafield>
      <datafield tag="504" ind1=" " ind2=" ">
         <subfield code="a">Includes bibliographical references.</subfield>
      </datafield>
      <datafield tag="505" ind1="0" ind2="0">
         <subfield code="t">Mésopotamie et Elam : histoire et phiologie.</subfield>
         <subfield code="t">Elam : histoire continue ou discontinue? /</subfield>
         <subfield code="r">M.-J. Steve --</subfield>
         <subfield code="t">La géographie de l'Elam d'après quelques textes mésopotamiens /</subfield>
         <subfield code="r">F. Vallat --</subfield>
         <subfield code="t">Babylonia and Elam in prehistory /</subfield>
         <subfield code="r">J. Oates --</subfield>
         <subfield code="t">"'Elam' und 'Sumer'" : Skizze einer Nachbarschaft nach inschriftlichen Quellen der vorsargonischen Zeit /</subfield>
         <subfield code="r">G.J. Selz --</subfield>
         <subfield code="t">Economical texts from Išān-Mazyad /</subfield>
         <subfield code="r">Nawala Al-Mutawally --</subfield>
         <subfield code="t">Der Urmensch im Atramḫasīs-Mythos /</subfield>
         <subfield code="r">W. von Soden --</subfield>
         <subfield code="t">The akkadianization of Susiana under the Sukkalmaḫs /</subfield>
         <subfield code="r">W.G. Lambert --</subfield>
         <subfield code="t">La suzeraineté de l'empereur (Sukkalmah) d'Elam sur la Mésopotamie et le "nationalisme" ammorite /</subfield>
         <subfield code="r">D. Charpin et J.-M. Durand --</subfield>
         <subfield code="t">L'étain, de l'Elam à Mari /</subfield>
         <subfield code="r">F. Joannes --</subfield>
         <subfield code="t">E'iltam paṭārum : awat ḫadê! /</subfield>
         <subfield code="r">C. Janssen --</subfield>
         <subfield code="t">Les textes de Haft Tépé, la Susiane et l'Elam au 2ème millénaire /</subfield>
         <subfield code="r">J.J. Glassner --</subfield>
         <subfield code="t">Foreign workers in the fortification archive /</subfield>
         <subfield code="r">A. Uchitel.</subfield>
         <subfield code="t">Mésopotamie et Elam : archéologie et histoire de l'art.</subfield>
         <subfield code="t">Remarques d'organologie comparée, Mésopotamie-Iran /</subfield>
         <subfield code="r">M. Chesne-Guillemin --</subfield>
         <subfield code="t">To be or not to be a temple? Possible identification of a Banesh period temple at Tall-i Malyan, Iran /</subfield>
         <subfield code="r">E. Wasilewska --</subfield>
         <subfield code="t">Les origines du dieu élamite au serpent /</subfield>
         <subfield code="r">M. Trokay --</subfield>
         <subfield code="t">Melbourne University Eexcavation at Tell Ahmar : 1988 Season /</subfield>
         <subfield code="r">G. Bunnens --</subfield>
         <subfield code="t">The Lebanese University recent excavation at Tell Kerma : a salvage operation on the Middle Dhabur, N.E. Syria /</subfield>
         <subfield code="r">M. Saghieh --</subfield>
         <subfield code="t">Die Ergebnisse der 11. Ausgrabungs-Kapagne in Isin, Frühjahr 1989 (Kurxbericht) /</subfield>
         <subfield code="r">B. Hrouda --</subfield>
         <subfield code="t">Le quartier de l'É.Babbar de Sippar (Sommaire des fouilles de 1985-1989, 8-11èmes campagnes) /</subfield>
         <subfield code="r">D. Huff --</subfield>
         <subfield code="t">Observations at minor monuments in the Persepolis area (summary) /</subfield>
         <subfield code="r">D. Huff.</subfield>
         <subfield code="t">Etudes relatives aux textes d'Amarna.</subfield>
         <subfield code="t">The operation of case vowels in the personal names of the Amarna texts /</subfield>
         <subfield code="r">R.S. Hess --</subfield>
         <subfield code="t">Some thoughts on the Amarna version of Adapa /</subfield>
         <subfield code="r">S. Izre'el.</subfield>
      </datafield>
      <datafield tag="546" ind1=" " ind2=" ">
         <subfield code="a">French, English and German.</subfield>
      </datafield>
      <datafield tag="651" ind1=" " ind2="0">
         <subfield code="a">Iraq</subfield>
         <subfield code="x">Antiquities</subfield>
         <subfield code="v">Congresses.</subfield>
      </datafield>
      <datafield tag="651" ind1=" " ind2="0">
         <subfield code="a">Elam</subfield>
         <subfield code="x">Antiquities</subfield>
         <subfield code="v">Congresses.</subfield>
      </datafield>
      <datafield tag="651" ind1=" " ind2="0">
         <subfield code="a">Middle East</subfield>
         <subfield code="x">Civilization</subfield>
         <subfield code="y">To 622</subfield>
         <subfield code="v">Congresses.</subfield>
      </datafield>
      <datafield tag="651" ind1=" " ind2="0">
         <subfield code="a">Middle East</subfield>
         <subfield code="x">Antiquities</subfield>
         <subfield code="v">Congresses.</subfield>
      </datafield>
      <datafield tag="650" ind1=" " ind2="0">
         <subfield code="a">Excavations (Archaeology)</subfield>
         <subfield code="z">Middle East</subfield>
         <subfield code="v">Congresses.</subfield>
      </datafield>
      <datafield tag="650" ind1=" " ind2="0">
         <subfield code="a">Civilization, Assyro-Babylonian</subfield>
         <subfield code="v">Congresses.</subfield>
      </datafield>
      <datafield tag="776" ind1="0" ind2="8">
         <subfield code="i">Online version:</subfield>
         <subfield code="a">Rencontre assyriologique internationale (36th : 1989 : Ghent, Belgium).</subfield>
         <subfield code="t">Mésopotamie et Elam.</subfield>
         <subfield code="d">Ghent, Belgium : University of Ghent, 1991</subfield>
         <subfield code="w">(OCoLC)606995923</subfield>
      </datafield>
      <datafield tag="776" ind1="0" ind2="8">
         <subfield code="i">Online version:</subfield>
         <subfield code="a">Rencontre assyriologique internationale (36th : 1989 : Ghent, Belgium).</subfield>
         <subfield code="t">Mésopotamie et Elam.</subfield>
         <subfield code="d">Ghent, Belgium : University of Ghent, 1991</subfield>
         <subfield code="w">(OCoLC)607769664</subfield>
      </datafield>
      <datafield tag="830" ind1=" " ind2="0">
         <subfield code="a">Mesopotamian history and environment.</subfield>
         <subfield code="p">Occasional publications ;</subfield>
         <subfield code="v">1.</subfield>
      </datafield>
      <datafield tag="OWN" ind1=" " ind2=" ">
         <subfield code="a">GENERAL</subfield>
      </datafield>
      <datafield tag="AVA" ind1=" " ind2=" ">
         <subfield code="a">NYU50</subfield>
         <subfield code="b">BOBST</subfield>
         <subfield code="c">Main Collection</subfield>
         <subfield code="d">DS70.6 .R46 1991</subfield>
         <subfield code="e">unavailable</subfield>
         <subfield code="t">Unavailable</subfield>
         <subfield code="f">1</subfield>
         <subfield code="g">1</subfield>
         <subfield code="h">N</subfield>
         <subfield code="i">6</subfield>
         <subfield code="j">MAIN</subfield>
         <subfield code="k">0</subfield>
      </datafield>
      <datafield tag="AVA" ind1=" " ind2=" ">
         <subfield code="a">NYU50</subfield>
         <subfield code="b">NIFA</subfield>
         <subfield code="c">Main Collection</subfield>
         <subfield code="d">DS69.6 .R46 1991 Non-circulating</subfield>
         <subfield code="e">unavailable</subfield>
         <subfield code="t">Unavailable</subfield>
         <subfield code="f">1</subfield>
         <subfield code="g">1</subfield>
         <subfield code="h">N</subfield>
         <subfield code="i">0</subfield>
         <subfield code="j">MAIN</subfield>
         <subfield code="k">0</subfield>
      </datafield>
      <datafield tag="AVA" ind1=" " ind2=" ">
         <subfield code="a">NYU50</subfield>
         <subfield code="b">NISAW</subfield>
         <subfield code="c">Large Collection</subfield>
         <subfield code="d">DS56 .R46 1989 Non-circulating</subfield>
         <subfield code="e">available</subfield>
         <subfield code="t">Available</subfield>
         <subfield code="f">1</subfield>
         <subfield code="g">0</subfield>
         <subfield code="h">N</subfield>
         <subfield code="i">0</subfield>
         <subfield code="j">LARGE</subfield>
         <subfield code="k">0</subfield>
      </datafield>
      <marc:datafield tag="852" ind1=" " ind2=" ">
         <marc:subfield code="b">Institute for the Study of the Ancient World, </marc:subfield>
         <marc:subfield code="c">Large Collection</marc:subfield>
         <marc:subfield code="e">15 East 84th St., </marc:subfield>
         <marc:subfield code="e">New York, NY  10028</marc:subfield>
      </marc:datafield>
   </record>